@techreport{techreport,
  author = {Shengping Xiao and Jianwen Li and Yingying Shi and Weikai Miao and Geguang Pu},
  title = {LTL4BA: A New LTL-to-Buchi Translator Basedon {SAT}/{SMT} Techniques},
  url = {https://drive.google.com/file/d/1Hv8JkmlTpYud1Sw4214LJWeyIOc9Cb0c/view?usp=sharing},
  year = 2020
}
@InProceedings{ES04,
author="N. E{\'e}n
and N. S{\"o}rensson",
editor="E. Giunchiglia
and A. Tacchella",
title="An Extensible SAT-solver",
booktitle="Theory and Applications of Satisfiability Testing",
year="2004",
publisher="Springer Berlin Heidelberg",
address="Berlin, Heidelberg",
pages="502--518",
}
@misc{aiger,
  author = {Armin Biere},
  title = {{AIGER Format}},
  howpublished = "\url{http://fmv.jku.at/aiger/FORMAT}",
}

@misc{aigertools,
  title = {{AIGER Tools}},
  howpublished = "\url{http://fmv.jku.at/aiger/aiger-1.9.9.tar.gz}",
}

@misc{hwmcc15,
  title = {{HWMCC 2015}},
  howpublished = "\url{http://fmv.jku.at/hwmcc15/}",
}

@misc{hwmcc17,
  title = {{HWMCC 2017}},
  howpublished = "\url{http://fmv.jku.at/hwmcc17/}",
}
@misc{simplecar,
  title = {{SimpleCAR}},
  howpublished = "\url{https://github.com/lijwen2748/simplecar/releases/tag/v0.1}",
}

@misc{ictref,
  title = {{IC3Ref}},
  howpublished = "\url{https://github.com/arbrad/IC3ref}",
}

@misc{minisat,
title = {Minisat 2.2.0},
howpublished = {\url{https://github.com/niklasso/minisat}},
}
@InProceedings{Biere08,
author="A. Biere",
editor="H. Kleine B{\"u}ning
and X. Zhao",
title="Adaptive Restart Strategies for Conflict Driven SAT Solvers",
booktitle="Theory and Applications of Satisfiability Testing -- SAT 2008",
year="2008",
publisher="Springer Berlin Heidelberg",
address="Berlin, Heidelberg",
pages="28--33",
}

@inproceedings{DLPVR19,
  author    = {R. Dureja and
               J. Li and
               G. Pu and
               M. Y. Vardi and
               K. Y. Rozier},
  editor    = {Supratik Chakraborty and
               Jorge A. Navas},
  title     = {Intersection and Rotation of Assumption Literals Boosts Bug-Finding},
  booktitle = {Verified Software. Theories, Tools, and Experiments - 11th International
               Conference, {VSTTE} 2019},
  series    = {Lecture Notes in Computer Science},
  volume    = {12031},
  pages     = {180--192},
  publisher = {Springer},
  year      = {2019},
  url       = {https://doi.org/10.1007/978-3-030-41600-3\_12},
  doi       = {10.1007/978-3-030-41600-3\_12},
}
@InProceedings{LDPRV18,
author="Li, Jianwen
and Dureja, Rohit
and Pu, Geguang
and Rozier, Kristin Yvonne
and Vardi, Moshe Y.",
editor="Chockler, Hana
and Weissenbacher, Georg",
title="{SimpleCAR: An Efficient Bug-Finding Tool Based on Approximate Reachability}",
booktitle="Computer Aided Verification",
year="2018",
publisher="Springer International Publishing",
address="Cham",
pages="37--44",
}

@techreport{GKN06,
  author = {Gansner, Emden and Koutsofios, Eleftherios and North, Stephen},
  title = {Drawing graphs with dot},
  url = {http://www.graphviz.org/Documentation/dotguide.pdf},
  year = 2006
}
@InProceedings{BBDKKMPS15,
author="Babiak, Tom{\'a}{\v{s}}
and Blahoudek, Franti{\v{s}}ek
and Duret-Lutz, Alexandre
and Klein, Joachim
and K{\v{r}}et{\'i}nsk{\'y}, Jan
and M{\"u}ller, David
and Parker, David
and Strej{\v{c}}ek, Jan",
editor="Kroening, Daniel
and P{\u{a}}s{\u{a}}reanu, Corina S.",
title="The Hanoi Omega-Automata Format",
booktitle="Computer Aided Verification",
year="2015",
publisher="Springer International Publishing",
address="Cham",
pages="479--486",
}

@InProceedings{Bjesse08,
author="Bjesse, Per",
editor="Gupta, Aarti
and Malik, Sharad",
title="A Practical Approach to Word Level Model Checking of Industrial Netlists",
booktitle="Computer Aided Verification",
year="2008",
publisher="Springer Berlin Heidelberg",
address="Berlin, Heidelberg",
pages="446--458",
isbn="978-3-540-70545-1"
}

@techreport{CZ95,
author = {Clarke, Edmund and Zhao, Xudong},
title = {Word Level Symbolic Model Checking: A New Approach for Verifying Arithmetic Circuits},
year = {1995},
publisher = {Carnegie Mellon University},
address = {USA}
}
@Inbook{BT18,
author="Barrett, Clark
and Tinelli, Cesare",
editor="Clarke, Edmund M.
and Henzinger, Thomas A.
and Veith, Helmut
and Bloem, Roderick",
title="Satisfiability Modulo Theories",
bookTitle="Handbook of Model Checking",
year="2018",
publisher="Springer International Publishing",
address="Cham",
pages="305--343",
}

@misc{SATCOMP,
 author = {},
 title = {The international {SAT} Competitions},
 howpublished = {\url{http://www.satcompetition.org/}},
}
@misc{SMTCOMP,
 author = {},
 title = {The international {SMT} Competitions},
 howpublished = {\url{https://boolector.github.io/smt-comp.html}},
}
@inproceedings{BKMR15,
author = {Baresi, Luciano and Pourhashem Kallehbasti and Mohammad Mehdi and Rossi, Matteo},
title = {Efficient Scalable Verification of {LTL} Specifications},
year = {2015},
isbn = {9781479919345},
publisher = {IEEE Press},
booktitle = {Proceedings of the 37th International Conference on Software Engineering - Volume 1},
pages = {711–721},
numpages = {11},
location = {Florence, Italy},
series = {ICSE ’15}
}
@INPROCEEDINGS{BFJ12,
    author = {Aaron Bohy and Emmanuel Filiot and Naiyong Jin},
    title = {Acacia+, a tool for ltl synthesis},
    booktitle = {of Lecture Notes in Computer Science},
    year = {2012},
    pages = {652--657},
    publisher = {Springer-Verlag}
}
@article{BLS11,
author = {Bauer, Andreas and Leucker, Martin and Schallhart, Christian},
title = {Runtime Verification for LTL and TLTL},
year = {2011},
publisher = {Association for Computing Machinery},
address = {New York, NY, USA},
volume = {20},
number = {4},
issn = {1049-331X},
doi = {10.1145/2000799.2000800},
journal = {ACM Trans. Softw. Eng. Methodol.},
month = sep,
articleno = {Article 14},
numpages = {64},
}
@INPROCEEDINGS{Pnu77,
author={A. Pnueli},
booktitle={18th Annual Symposium on Foundations of Computer Science (sfcs 1977)},
title={The temporal logic of programs},
year={1977},
volume={},
number={},
pages={46-57},
doi={10.1109/SFCS.1977.32},
ISSN={0272-5428},
month={Oct},}

@inproceedings{LZZPV17,
author={Jianwen Li and
Shufang Zhu and
Yueling Zhang and
Gegang Pu and
Moshe Y. Vardi},
booktitle={ICCAD},
title={{Safety Model Checking with Complementary Approximations}},
year={2017}
}
@Inbook{GDGMM14,
author="De Giacomo, G.
and De Masellis, R.
and Grasso, M.
and Maggi, F.
and Montali, M.",
title="Monitoring Business Metaconstraints Based on LTL and LDL for Finite Traces",
bookTitle="Business Process Management",
year="2014",
publisher="Springer",
pages="1--17",
}

@article{PDM14,
  title={From Declarative Processes to Imperative Models.},
  author={Prescher, J. and Di Ciccio, C. and Mendling, J.},
  journal={SIMPDA},
  volume={1293},
  pages={162--173},
  year={2014}
}
@article{DMM16,
 author = {Di Ciccio, C. and Maggi, F. and Mendling, J.},
 title = {Efficient Discovery of Target-Branched Declare Constraints},
 journal = {Inf. Syst.},
 issue_date = {March 2016},
 volume = {56},
 number = {C},
 month = mar,
 year = {2016},
 issn = {0306-4379},
 pages = {258--283},
 numpages = {26},
 url = {https://doi.org/10.1016/j.is.2015.06.009},
 doi = {10.1016/j.is.2015.06.009},
 acmid = {2869507},
 publisher = {Elsevier Science Ltd.},
 address = {Oxford, UK, UK},
 keywords = {Declarative process, Knowledge discovery, Process mining},
} 
@inproceedings{DDM14,
  title={Reasoning on {LTL} on Finite Traces: Insensitivity to Infiniteness.},
  author={De Giacomo, G. and De Masellis, R. and Montali, M.},
  booktitle={AAAI},
  pages={1027--1033},
  year={2014}
}

% month = {Jan},
@article{CM15,
 author = {Ciccio, C. Di and Mecella, M.},
 title = {On the Discovery of Declarative Control Flows for Artful Processes},
 journal = {ACM Trans. Manage. Inf. Syst.},
 issue_date = {March 2015},
 volume = {5},
 number = {4},
 year = {2015},
 issn = {2158-656X},
 pages = {24:1--24:37},
 articleno = {24},
 numpages = {37},
 url = {http://doi.acm.org/10.1145/2629447},
 doi = {10.1145/2629447},
 acmid = {2629447},
 publisher = {ACM},
 address = {New York, NY, USA},
 keywords = {MailOfMine, Process mining, artful processes, control-flow discovery, declarative process model},
} 

% booktitle = {AAAI Conference on Artificial Intelligence},
@inproceedings{FG16,
 author = {V. Fionda and G. Greco},
 title = {The Complexity of {LTL} on Finite Traces: Hard and Easy Fragments},
 booktitle = {AAAI},
  year = {2016},
 pages = {971--977},
 publisher = {AAAI Press},
} 
@article{BFM11,
  title = "Specifying and computing preferred plans ",
  journal = "Artificial Intelligence ",
  volume = "175",
  pages = "1308 - 1345",
  year = "2011",
  author = "M. Bienvenu and C. Fritz and S. A. McIlraith",
  }
%  booktitle = {International Conference on Principles of Knowledge              Representation and Reasoning (KR06)},
@inproceedings{BFM06,
  address = {Lake District, UK},
  author = {M. Bienvenu and C. Fritz and S. McIlraith},
  booktitle = {{KR}},
  month = {June},
  pages = {134-144},
  title = {Planning with Qualitative Temporal Preferences},
  year = {2006}
  }
@inproceedings{Gab04,
   author = {A. Gabaldon},
  title = {Precondition control and the progression algorithm},
  booktitle = {{KR}},
  year = {2004},
  pages = {634--643},
   publisher = {AAAI Press}
  }
@inproceedings{PLGG11,
  author = {F. Patrizi and N. Lipoveztky and G. {De Giacomo} and H. Geffner},
  title = {Computing Infinite Plans for {LTL} Goals Using a Classical            Planner},
  booktitle = {IJCAI},
  year = {2011},
  pages = {2003--2008},
  publisher = {AAAI Press},
  }

%editor="Piterman, Nir",
@inproceedings{LZPV15,
author={J. Li
and S. Zhu
and G. Pu
and M.Y. Vardi},
title="{SAT}-Based Explicit {LTL} Reasoning",
bookTitle={{HVC}},
year="2015",
publisher="Springer",
pages="209--224",
}

@misc{Biere07,
 author = {A. Biere},
 title = {Aiger format},
 howpublished = {\url{http://fmv.jku.at/aiger/FORMAT}},
} 

@misc{BK15,
 author = {A. Biere and K Claessen},
 title = {Hardware model checking competition},
 howpublished = {\url{. http://fmv.jku.at/hwmcc15/}},
}

@inproceedings{BES16,
 author = {A. Bernardini and W. Ecker and U. Schlichtmann},
 title = {Where Formal Verification Can Help in Functional Safety Analysis},
 booktitle = {Proceedings of the 35th International Conference on Computer-Aided Design},
 year = {2016},
 pages = {85:1--85:8},
 publisher = {ACM},
 address = {New York, NY, USA},
} 
@INPROCEEDINGS{GYS15, 
author={A. Golnari and Y. Vizel and S. Malik}, 
booktitle={2015 IEEE/ACM International Conference on Computer-Aided Design (ICCAD)}, 
title={Error-tolerant processors: Formal specification and verification}, 
year={2015}, 
pages={286-293}, 
month={Nov},
}
@ARTICLE{GR16, 
author={A. Griggio and M. Roveri}, 
journal={IEEE Transactions on Computer-Aided Design of Integrated Circuits and Systems}, 
title={Comparing Different Variants of the {IC3} Algorithm for Hardware Model Checking}, 
year={2016}, 
volume={35}, 
number={6}, 
pages={1026-1039}, 
month={June},
}
@inproceedings{VGS13,
author="Y. Vizel
and O. Grumberg
and S. Shoham",
title="Intertwined Forward-Backward Reachability Analysis Using Interpolants",
bookTitle="Tools and Algorithms for the Construction and Analysis of Systems",
year="2013",
pages="308--323",
}
@inproceedings{GI15,
  author    = {A. Gurfinkel and
               A. Ivrii},
  title     = {Pushing to the Top},
  booktitle = {Formal Methods in Computer-Aided Design.},
  pages     = {65--72},
  year      = {2015},
}

@inproceedings{JD16,
  author    = {Dejan Jovanovic and
               Bruno Dutertre},
  title     = {Property-Directed k-Induction},
  booktitle = {Formal Methods in Computer-Aided Design.},
  pages     = {86--92},
  year      = {2016},
}
@inproceedings{EMB11,
 author = {N. Een and A. Mishchenko and R. Brayton},
 title = {Efficient Implementation of Property Directed Reachability},
 booktitle = {FMCAD},
 year = {2011},
 pages = {125--134},
} 
@inproceedings{NRS13,
  author    = {A. Nadel and
               V. Ryvchin and
               O. Strichman},
  title     = {Efficient {MUS} extraction with resolution},
  booktitle = {Formal Methods in Computer-Aided Design, {FMCAD} 2013, Portland, OR,
               USA, October 20-23, 2013},
  pages     = {197--200},
  year      = {2013},
}
锘緻article{VG14,
author= {Y. Vizel and A. Gurfinkel},
editor= {A. Biere and R. Bloem},
title= {Interpolating Property Directed Reachability},
journal= {Computer Aided Verification: 26th International Conference, CAV 2014},
year= {2014},
publisher= {Springer International Publishing},
pages= {260--276},
}
@book{CGD99,
 author = {E. Clarke and O. Grumberg and D. Peled},
 title = {Model Checking},
 year = {1999},
 isbn = {0-262-03270-8},
 publisher = {MIT Press},
 address = {Cambridge, MA, USA},
} 
@article{XWMB12,
  title={Scalable reachability analysis via automated dynamic
         netlist-based hint generation},
  author={J. Xu and M. Williams and H. Mony and J. Baumgartner},
  journal={Formal Methods in System Design},
  volume={45},
  number={2},
  pages={144--164},
  year={2014},
  publisher={Springer}
}
@article{BeMar12,
  title={MUSer2: An efficient MUS extractor},
  author={A. Belov and J. Marques-Silva},
  journal={Journal on Satisfiability, Boolean Modeling and Computation},
  volume={8},
  pages={123--128},
  year={2012}
}
@article{VWM15,
  author    = {Y. Vizel and
               G. Weissenbacher and
               S. Malik},
  title     = {Boolean Satisfiability Solvers and Their Applications
               in Model Checking},
  journal   = {Proceedings of the {IEEE}},
  volume    = {103},
  number    = {11},
  pages     = {2021--2035},
  year      = {2015}
}
@inproceedings{BCL01,
  author    = {J.R. Burch and E.M. Clarke and D.E. Long},
  title     = {Symbolic Model Checking with Partitioned Transistion
               Relations},
  booktitle = {{VLSI}},
  pages     = {49--58},
  year      = {1991}
}
@inproceedings{GSY04,
  author    = {O. Grumberg and A. Schuster and A. Yadgar},
  title     = {Memory Efficient All-Solutions {SAT} Solver and Its
               Application for Reachability Analysis},
  booktitle = {Proc. 5th Int'l Conf.~on Formal Methods in 
               Computer-Aided Design},
  pages     = {275--289},
  year      = {2004},
  series    = {Lecture Notes in Computer Science},
  volume    = {3312},
  publisher = {Springer},
  year      = {2004}
}
@INPROCEEDINGS{YSTM14, 
author={Y. Yu and P. Subramanyan and N. Tsiskaridze and S. Malik}, 
booktitle={27th International Conference on VLSI Design and 2014 13th International Conference on Embedded Systems}, 
title={{All-SAT} Using Minimal Blocking Clauses}, 
year={2014}, 
pages={86-91}, 
}
@ARTICLE{KP05, 
author={H. Kang and I. Park}, 
journal={IEEE Transactions on Computer-Aided Design of Integrated Circuits and Systems}, 
title={{SAT}-based unbounded symbolic model checking}, 
year={2005}, 
volume={24}, 
number={2}, 
pages={129-140}, 
}
@Inbook{ABE00,
author="P. Abdulla
and P. Bjesse
and N. E{\'e}n",
editor="S. Graf
and M. Schwartzbach",
chapter="Symbolic Reachability Analysis Based on {SAT}-Solvers",
title="Tools and Algorithms for the Construction and Analysis of Systems: 6th International Conference, TACAS 2000 Held as Part of the Joint European Conferences on Theory and Practice of Software, ETAPS 2000 Berlin, Germany, March 25 -- April 2, 2000 Proceedings",
year="2000",
publisher="Springer Berlin Heidelberg",
address="Berlin, Heidelberg",
pages="411--425",
}
@Inproceedings{BM10,
author={R. Brayton and A. Mishchenko},
title={{ABC}: An Academic Industrial-Strength Verification Tool},
booktitle={Computer Aided Verification, CAV},
year={2010},
publisher={Springer Berlin Heidelberg},
pages={24--40},
}
@incollection{MSL11,
year={2011},
booktitle={Theory and Applications of Satisfiability Testing - SAT 2011},
volume={6695},
series={Lecture Notes in Computer Science},
editor={K. Sakallah and L. Simon},
title={On Improving {MUS} Extraction Algorithms},
publisher={Springer Berlin Heidelberg},
author={J. Marques-Silva and I. Lynce},
pages={159-173},
}
@article{Larra92,
  title={Test pattern generation using Boolean satisfiability},
  author={T. Larrabee},
  journal={IEEE Trans.~on Computer-Aided Design of Integrated Circuits
           and Systems},
  volume={11},
  number={1},
  pages={4--15},
  year={1992},
  publisher={IEEE}
}
@inproceedings{Var89c,
 author = {M. Vardi},
 title = {On the Complexity of Epistemic Reasoning},
 booktitle = {Proceedings of the Fourth Annual Symposium on Logic in Computer Science},
 year = {1989},
 pages = {243--252},
 publisher = {IEEE Press},
 address = {Piscataway, NJ, USA},
} 
@incollection{dAgo99,
  title={Tableau methods for classical propositional logic},
  author={M. d'Agostino},
  booktitle={Handbook of tableau methods},
  pages={45--123},
  year={1999},
  publisher={Springer}
}
@inproceedings{DB08,
 author = {L. De Moura and N. Bj{\o}rner},
 title = {Z3: An Efficient {SMT} Solver},
 booktitle = {Proceedings of the Theory and Practice of Software, 14th International Conference on Tools and Algorithms for the Construction and Analysis of Systems},
 series = {TACAS'08/ETAPS'08},
 year = {2008},
 pages = {337--340},
 publisher = {Springer-Verlag},
 address = {Berlin, Heidelberg},
} 
@inproceedings{BSHZ11,
 author = {A. Bradley and F. Somenzi and Z. Hassan and Y. Zhang},
 title = {An Incremental Approach to Model Checking Progress Properties},
 booktitle = {Proceedings of the International Conference on Formal Methods in Computer-Aided Design},
 series = {FMCAD},
 year = {2011},
 pages = {144--153},
 publisher = {FMCAD Inc},
} 
@inproceedings{CCDGMMMRT14,
  author    = {R. Cavada and
               A. Cimatti and
               M. Dorigatti and
               A. Griggio and
               A. Mariotti and
               A. Micheli and
               S. Mover and
               M. Roveri and
               S. Tonetta},
  title     = {The {NuXMV} Symbolic Model Checker},
  booktitle = {CAV},
  year      = {2014},
  pages     = {334-342},
}

@incollection{KHL05,
year={2005},
booktitle={Computer Aided Verification},
volume={3576},
series={Lecture Notes in Computer Science},
editor={K. Etessami and S. Rajamani.},
title={Incremental and Complete Bounded Model Checking for Full {PLTL}},
publisher={Springer Berlin Heidelberg},
author={K. Heljanko and T. Junttila and T. Latvala},
pages={98-111},
}
@inproceedings{GS96,
  author    = {F. Giunchiglia and
               R. Sebastiani},
  title     = {Building Decision Procedures for Modal Logics
               from Propositional Decision
               Procedure - The Case Study of Modal {K}},
  booktitle = {Proc.~13th Int'l Conf.~on Automated Deduction},
  pages     = {583--597},
  year      = {1996},
  series    = {Lecture Notes in Computer Science},
  volume    = {1104},
  publisher = {Springer}
}

%  editor = {Cabodi, Gianpiero and Singh, Satnam},
@inproceedings{CS12,
  author = {K. Claessen and N. S\"orensson},
  booktitle = {FMCAD},
  pages = {52-59},
  publisher = {IEEE},
  title = {A liveness checking algorithm that counts.},
  year = {2012},
}
@incollection{BD09,
year={2009},
booktitle={Runtime Verification},
volume={5779},
series={Lecture Notes in Computer Science},
editor={S. Bensalem and D. Peled},
title={Rule Systems for Runtime Verification: A Short Tutorial},
publisher={Springer Berlin Heidelberg},
author={H. Barringer and K. Havelund and D. Rydeheard and A. Groce},
pages={1-24}
}

@inproceedings{LZPVH14,
  author    = {J. Li and L. Zhang and G. Pu and M. Y. Vardi and J. He},
  title     = {{LTL$_f$} Satisfibility Checking},
  year      = {2014},
  pages     = {91--98},
  booktitle     = {ECAI},
}

@article{LPZHVCoRR14,
  author    = {J. Li and

               G. Pu and

               L. Zhang and

               M. Y. Vardi and

               J. He},

  title     = {Fast {LTL} Satisfiability Checking by {SAT} Solvers},

  journal   = {CoRR},

  volume    = {abs/1401.5677 },

  year      = {2014},
}
@incollection{SW12,
year={2012},
booktitle={Automated Reasoning},
volume={7364},
series={Lecture Notes in Computer Science},
title={A {PLTL}-Prover Based on Labelled Superposition with Partial Model Guidance},
publisher={Springer Berlin Heidelberg},
author={M. Suda and C. Weidenbach},
pages={537-543}
}

%  note = {Accepted as both oral and poster presentation}
%  address = {San Francisco, USA},
@inproceedings{SBM11,
  title = { Preferred Explanations: Theory and Generation via Planning},
  booktitle = {AAAI},
  author = {S. Sohrabi and J. A. Baier and S. A. McIlraith},
  month = {August},
  year = {2011},
  pages = {261-267},
}

% series = {IJCAI'13},
@inproceedings{GV13,
 author = {G. {De Giacomo} and M. Vardi},
 title = {Linear Temporal Logic and Linear Dynamic Logic on Finite Traces},
 booktitle = {IJCAI},
 year = {2013},
 pages = {2000--2007},
 publisher = {AAAI Press},
}
@article{DTZ08,
year={2008},
journal={Acta Informatica},
volume={45},
number={1},
title={A decision procedure for propositional projection temporal logic with infinite models},
publisher={Springer-Verlag},
author={Z. Duan and C. Tian and L. Zhang},
pages={43-78},
}
@article{Fish97,
author = {M. Fisher}, 
title = {A Normal Form for Temporal Logics and its Applications in Theorem-Proving and Execution},
volume = {7}, 
number = {4}, 
pages = {429-456}, 
year = {1997}, 
journal = {Journal of Logic and Computation} 
}
@incollection{LPZWHL13,
year={2013},
booktitle={Theories of Programming and Formal Methods},
volume={8051},
series={Lecture Notes in Computer Science},
editor={Liu, Zhiming and Woodcock, Jim and Zhu, Huibiao},
title={On the Relationship between {LTL} Normal Forms and B\"uchi Automata},
publisher={Springer Berlin Heidelberg},
author={J. Li and G. Pu and L. Zhang and Z. Wang and J. He and K. G. Larsen},
pages={256-270}
}

@incollection{BKRS12,
year={2012},
booktitle={Tools and Algorithms for the Construction and Analysis of Systems},
volume={7214},
series={Lecture Notes in Computer Science},
editor={Flanagan, Cormac and K\"onig, Barbara},
title={{LTL} to B\"uchi Automata Translation: Fast and More Deterministic},
publisher={Springer Berlin Heidelberg},
author={T. Babiak and M. Kret\'{\i}nsk{\'y} and V. Reh{\'a}k and J. Strejcek},
pages={95-109}
}

@inproceedings{CPRS02,
 author = {A. Cimatti and M. Pistore and M. Roveri and R. Sebastiani},
 title = {Improving the Encoding of {LTL} Model Checking into {SAT}},
 booktitle = {Revised Papers from the Third International Workshop on Verification, Model Checking, and Abstract Interpretation},
 series = {VMCAI '02},
 year = {2002},
 pages = {196--207},
 publisher = {Springer-Verlag},
 address = {London, UK, UK},
} 

@incollection{Bra11,
year={2011},
booktitle={Verification, Model Checking, and Abstract Interpretation},
volume={6538},
series={LNCS},
editor={Jhala, Ranjit and Schmidt, David},
title={{SAT}-Based Model Checking without Unrolling},
publisher={Springer},
author={A. Bradley},
pages={70-87}
}

@article{CKOS05,
year={2005},
journal={International Journal on Software Tools for Technology Transfer},
volume={7},
number={2},
title={Computational challenges in bounded model checking},
publisher={Springer-Verlag},
author={E. Clarke and D. Kroening and J. Ouaknine and O. Strichman},
pages={174-183}
}

@article{Cra57,
ajournal = {J. Symbolic Logic},
author = {W. Craig},
journal = {Journal of Symbolic Logic},
month = {09},
number = {3},
pages = {250--268},
publisher = {Association for Symbolic Logic},
title = {Linear Reasoning: A New Form of the Herbrand-Gentzen Theorem},
volume = {22},
year = {1957}
}

@incollection{McM03,
year={2003},
booktitle={Computer Aided Verification},
volume={2725},
series={Lecture Notes in Computer Science},
editor={Hunt, WarrenA., Jr. and Somenzi, Fabio},
title={Interpolation and {SAT}-Based Model Checking},
publisher={Springer Berlin Heidelberg},
author={K. McMillan},
pages={1-13}
}

@article{Fortnow09,
 author = {L. Fortnow},
 title = {The status of the P versus NP problem},
 journal = {Commun. ACM},
 volume = {52},
 number = {9},
 month = sep,
 year = {2009},
 pages = {78--86},
 publisher = {ACM},
 address = {New York, NY, USA},
}
@article{DLL62,
 author = {M. Davis and G. Logemann and D. Loveland},
 title = {A machine program for theorem-proving},
 journal = {Commun. ACM},
 volume = {5},
 number = {7},
 month = jul,
 year = {1962},
 pages = {394--397},
 publisher = {ACM},
 address = {New York, NY, USA},
} 
@article{DP60,
 author = {M. Davis and H. Putnam},
 title = {A Computing Procedure for Quantification Theory},
 journal = {J. ACM},
 volume = {7},
 number = {3},
 month = jul,
 year = {1960},
 pages = {201--215},
 publisher = {ACM},
 address = {New York, NY, USA},
} 
@inproceedings{Schuppan10,
  author={V. Schuppan},
  title={Towards a Notion of Unsatisfiable Cores for {LTL}},
  booktitle={Fundamentals of Software Engineering},
  year={2010},
  pages={129-145},
}
@article{LPZVHCoRR13,
  author    = {J. Li and
               G. Pu and
               L. Zhang and
               M. Y. Vardi and
               J. He},
  title     = {Polsat: A Portfolio {LTL} Satisfiability Solver},
  journal   = {CoRR},
  volume    = {abs/1311.1602},
  year      = {2013},
}
@inproceedings{ES03,
  author    = {N. E{\'e}n and
               N. S{\"o}rensson},
  title     = {An Extensible {SAT}-solver},
  booktitle = {SAT},
  year      = {2003},
  pages     = {502-518},
}
@inproceedings{LZPVH13,
  author    = {J. Li and L. Zhang and G. Pu and M. Vardi and J. He},
  title     = {{LTL} Satisfibility Checking Revisited},
  year      = {2013},
  pages     = {91--98},
  booktitle     = {TIME},
}
@article{FDM01,
  author    = {M. Fisher and C. Dixon and M. Peim},
  title     = {Clausal temporal resolution},
  journal   = {ACM Trans. Comput. Log.},
  volume    = {2},
  number    = {1},
  year      = {2001},
  pages     = {12--56},
}
@inproceedings{DDMR08,
  author    = {M. {De Wulf} and L. Doyen and N. Maquet and J.-F. Raskin},
  title     = {Antichains: Alternative Algorithms for {LTL} Satisfiability
               and Model-Checking},
  year      = {2008},
  pages     = {63--77},
  booktitle     = {TACAS},
  publisher = {Springer},
  series    = {LNCS},
  volume    = {4963}
}
@inproceedings{CRST07,
  author    = {A. Cimatti and M. Roveri and V. Schuppan and S. Tonetta},
  title     = {Boolean Abstraction for Temporal Logic Satisfiability},
  year      = {2007},
  pages     = {532--546},
  booktitle     = {Proc.~15th Int'l Conf.~on Computer Aided Verification},
  publisher = {Springer},
  series    = {Lecture Notes in Computer Science},
  volume    = {4590},
}
@inproceedings{SD11,
 title = {Evaluating {LTL} satisfiability solvers},
 author = {V. Schuppan and L. Darmawan}, 
 booktitle = {Proceedings of the 9th international conference on Automated technology for verification and analysis},
 series = {AVTA'11},
 pages = {397--413},
 year = {2011}, 
 publisher = {Springer-Verlag},
} 
@inproceedings{Sch98,
 author = {S. Schwendimann},
 title = {A New One-Pass Tableau Calculus for {PLTL}},
 booktitle = {Proceedings of the International Conference on Automated Reasoning with Analytic Tableaux and Related Methods},
 year = {1998},
 pages = {277--292},
 publisher = {Springer-Verlag},
}
@article{GKS^+10,
  author    = {V. Goranko, A. Kyrilov and D. Shkatov},
  title     = {Tableau Tool for Testing Satisfiability in {LTL}: Implementation
               and Experimental Analysis},
  journal   = {Electr. Notes Theor. Comput. Sci.},
  volume    = {262},
  year      = {2010},
  pages     = {113--125},
}
@inproceedings{DAC98,
  title={Property specification patterns for finite-state verification},
  author={M.B. Dwyer and G.S. Avrunin and J.C. Corbett},
  booktitle={Proc. 2nd workshop on Formal methods in software practice},
  pages={7--15},
  year={1998},
  organization={ACM}
}
@book{FKL04,
  title={Assertion-Based Design},
  author={H.D. Foster and A. Krolnik and D.J. Lacey},
  year={2004},
  publisher={Springer}
}
@techreport{HL13,
        author      = "J.P. Holdren and E. Lander",
        title       = "Designing a Digital Future: Federally Funded
                      Research and Development in Networking and
                      Information technology -- Report to the
                      President and Congress",
        institution = "President's Council of Advisors on Science and 
                       Technology",
        year        =   2013
}
@article{TRV12,
  author    = {D. Tabakov and K.Y. Rozier and M. Y. Vardi},
  title     = {Optimized temporal monitors for {SystemC}},
  journal   = {Formal Methods in System Design},
  volume    = {41},
  number    = {3},
  year      = {2012},
  pages     = {236--268}
}
@inproceedings{TV12,
 author = {D. Tabakov and M.Y. Vardi},
 title = {Automatic aspectization of {SystemC}},
 booktitle = {Proc.~workshop on Modularity in Systems Software},
 series = {MISS '12},
 year = {2012},
 pages = {9--14},
 publisher = {ACM}
} 
@inproceedings{TV07,
  author    = {D. Tabakov and M.Y. Vardi},
  title     = {Model checking {B\"uchi} specifications},
  year      = {2007},
  booktitle     = {Proc.~1st Int'l Conf. on Language and Automata Theory 
                  and Applications},
  pages     = {565--576}
}

@misc{Var11,
    author      = "M.Y. Vardi",
    title       = "The Rise and Fall of Linear Time Logic",
    note     =    "Invited Talk, 2nd Int'l Symp.~on Games, Automata, 
                  Logics and Formal Verification",
    year        = 2011,
    howpublished = "\url{http://www.cs.rice.edu/~vardi/papers/gandalf11-myv.pdf}"
}
@article{SSTV07,
  author    = {R. Sebastiani and E. Singerman and
               S. Tonetta and M. Y. Vardi},
  title     = {GSTE is partitioned model checking},
  journal   = {Formal Methods in System Design},
  volume    = {31},
  number    = {2},
  year      = {2007},
  pages     = {177--196}
}
@inproceedings{Var08,
  author    = {M.Y. Vardi},
  title     = {From Monadic Logic to PSL},
  year      = {2008},
  pages     = {656--681},
  booktitle     = {Pillars of Computer Science, 
            Essays Dedicated to Boris (Boaz)
               Trakhtenbrot on the Occasion of His 85th Birthday},
  publisher = {Springer},
  series    = {Lecture Notes in Computer Science},
  volume    = {4800}
}
@inproceedings{VW08,
  author    = {M.Y. Vardi and T. Wilke},
  title     = {Automata: from logics to algorithms},
  year      = {2008},
  pages     = {629--736},
  booktitle     = {Logic and Automata: History and Perspectives, 
                   in Honor of Wolfgang Thomas},
  publisher = {Amsterdam University Press},
  series    = {Texts in Logic and Games},
  volume    = {2}
}
@article{KPV09,
  author    = {O. Kupferman and
               N. Piterman and
               M. Y. Vardi},
  title     = {From liveness to promptness},
  journal   = {Formal Methods in System Design},
  volume    = {34},
  number    = {2},
  year      = {2009},
  pages     = {83--103}
}

@inproceedings{BKV10a,
  author    = {A. Bhatia and L.E. Kavraki and M.Y. Vardi},
  title     = {Sampling-based motion planning with temporal goals},
  year      = {2010},
  pages     = {2689--2696},
  booktitle     = {IEEE Int'l Conf.~on Robotics and Automatio},
  publisher = {IEEE}
}

@inproceedings{BKV10,
  author    = {A. Bhatia and L.E. Kavraki and Moshe Y. Vardi},
  title     = {Motion planning with hybrid dynamics and temporal goals},
  year      = {2010},
  pages     = {1108--1115},
  booktitle     = {Proc.~49th IEEE Conf.~on Decision and Control},
  publisher = {IEEE}
}
@inproceedings{KPV10,
  author    = {O. Kupferman and
               N. Piterman and
               M.Y. Vardi},
  title     = {An Automata-Theoretic Approach to Infinite-State Systems},
  year      = {2010},
  pages     = {202--259},
  booktitle     = {Time for Verification-Essays in Memory of Amir Pnueli},
  publisher = {Springer},
  series    = {Lecture Notes in Computer Science},
  volume    = {6200}
}

@article{RV10,
  author    = {K.Y. Rozier and M.Y. Vardi},
  title     = {{LTL} satisfiability checking},
  journal   = {Int'l J.~on Software Tools for Technology Transfer},
  volume    = {12},
  number    = {2},
  year      = {2010},
  pages     = {123-137}
}
@article{KTVW11,
  author    = {J. Kreiker and A. Tarlecki and M.Y. Vardi and
               Reinhard Wilhelm},
  title     = {Modeling, Analysis, and Verification - The Formal Methods
               Manifesto 2010},
  journal   = {Dagstuhl Manifestos},
  volume    = {1},
  number    = {1},
  year      = {2011},
  pages     = {21-40}
}

@inproceedings{LNV11,
  author    = {Y. Lustig and S. Nain and M.Y. Vardi},
  title     = {Synthesis from Probabilistic Components},
  year      = {2011},
  pages     = {412--427},
  booktitle     = {Proc.~25th Int'l Conf.~on Computer Science Logic},
  publisher = {Schloss Dagstuhl - Leibniz-Zentrum fuer Informatik},
  series    = {LIPIcs},
  volume    = {12}
}

@article{STV11,
  author    = {R. Sebastiani and S. Tonetta and M. Y. Vardi},
  title     = {Symbolic systems, explicit properties: on hybrid approaches
               for {LTL} symbolic model checking},
  journal   = {Int'l J.~on Software Tools for Technology Transfer},
  volume    = {13},
  number    = {4},
  year      = {2011},
  pages     = {319--335}
}

@article{CKV12,
  author    = {B. Cook and E. Koskinen and M. Y. Vardi},
  title     = {Temporal property verification as a program analysis task},
  journal   = {Formal Methods in System Design},
  volume    = {41},
  number    = {1},
  year      = {2012},
  pages     = {66--82}
}
@inproceedings{FKVW11,
  author    = {S. Fogarty and O. Kupferman and M.Y. Vardi and
               T. Wilke},
  title     = {Unifying B{\"u}chi Complementation Constructions},
  year      = {2011},
  pages     = {248--263},
  booktitle     = {Proc.~25th Int'l Conf.~on Computer Science Logic},
  publisher = {Schloss Dagstuhl - Leibniz-Zentrum fuer Informatik},
  series    = {LIPIcs},
  volume    = {12}
}

@inproceedings{NV12,
  author    = {S. Nain and M.Y. Vardi},
  title     = {Synthesizing Probabilistic Composers},
  year      = {2012},
  pages     = {421--436},
  booktitle     = {Proc. 15th Int'l Conf.~on Foundations of Software Science 
               and Computational Structures},
  publisher = {Springer},
  series    = {Lecture Notes in Computer Science},
  volume    = {7213}
}

@inproceedings{LV11,
  author    = {Y. Lustig and M.Y. Vardi},
  title     = {Synthesis from Recursive-Components Libraries},
  year      = {2011},
  pages     = {1--16},
  booktitle     = {Proc.~2nd Int'l Symp. on Games,
               Automata, Logics and Formal Verification},
  series    = {EPTCS},
  volume    = {54}
}

@inproceedings{FPV11,
  author    = {J. Fisher and N. Piterman and M.Y. Vardi},
  title     = {The Only Way Is Up},
  year      = {2011},
  pages     = {3--11},
  booktitle     = {Proc.~17th Int'l Symp~on Formal Methods},
  publisher = {Springer},
  series    = {Lecture Notes in Computer Science},
  volume    = {6664}
}

@inproceedings{FHNPSV11,
  author    = {J. Fisher and T.A. Henzinger and D. Nickovic and
               N. Piterman and A.V. Singh and M.Y. Vardi},
  title     = {Dynamic Reactive Modules},
  year      = {2011},
  pages     = {404--418},
  booktitle     = {Proc.~22nd Int'l Conf.~on Concurrency Theory},
  publisher = {Springer},
  series    = {Lecture Notes in Computer Science},
  volume    = {6901}
}
@inproceedings{BBCCFIPTV11,
  author    = {D. Benque and S. Bourton and C. Cockerton and B. Cook and
               J. Fisher and S. Ishtiaq and N. Piterman and A. Taylor and
               M.Y. Vardi},
title = {Bma: Visual Tool for Modeling and Analyzing Biological Networks},
  year      = {2012},
  pages     = {6860-692},
  booktitle     = {Proc. 24th Int'l Conf.~on Computer-Aided Verification},
  publisher = {Springer},
  series    = {Lecture Notes in Computer Science},
  volume    = {7358}
}
@article{LK04,
author = {A.M. Ladd and L.E. Kavraki},
title = {Measure Theoretic Analysis of Probabilistic Path Planning},
journal = {IEEE Transactions on Robotics and Automation},
volume = {20},
number = {2},
year = {2004},
pages = {229--242}
}

@article{PKV10,
  author    = {E. Plaku and L. E. Kavraki and M. Y. Vardi},
  title     = {Motion Planning With Dynamics by a Synergistic Combination
               of Layers of Planning},
  journal   = {IEEE Transactions on Robotics},
  volume    = {26},
  number    = {3},
  year      = {2010},
  pages     = {469--482}
}
@inproceedings{CKV11,
  author    = {B. Cook and
               E. Koskinen and
               M.Y. Vardi},
  title     = {Temporal Property Verification as a Program Analysis Task},
  year      = {2011},
  pages     = {333--348},
  booktitle     = {Proc. 23rd Int'l Conf. on Computer Aided Verification},
  publisher = {Springer},
  series    = {Lecture Notes in Computer Science},
  volume    = {6806}
}

@InProceedings{MMV10,
  author =	{F. Mogavero and A. Murano and M.Y.  Vardi},
  title =	{{Reasoning About Strategies}},
  booktitle =	{Proc. IARCS Conference on Foundations of Software
Technology and Theoretical Computer Science},
  pages =	{133--144},
  series =	{Leibniz International Proceedings in Informatics
(LIPIcs)},
  year =	{2010},
  volume =	{8}
}
@inproceedings{BLO12,
title={Improved ramsey-based b{\"u}chi complementation},
author={S. Breuers and C. L{\"o}ding and J. Olschewski},
booktitle={Proc. Foundations of Software Science and Computational 
Structures},
pages={150--164},
year={2012},
publisher={Springer}
}
@inproceedings{FL12,
title={Ramsey-Based Analysis of Parity Automata},
author={O. Friedmann and M. Lange},
booktitle={Proc. Tools and Algorithms for the Construction and Analysis of
Systems},
pages={64--78},
year={2012},
publisher={Springer}
}
@article{ACCHHMV11,
title={Advanced Ramsey-based {B}{\"u}chi automata inclusion testing},
author={P. Abdulla and Y.F. Chen and L. Clemente and
L. Hol{\'\i}k and C.D. Hong and R. Mayr and T. Vojnar},
  journal={CONCUR 2011--Concurrency Theory},
  pages={187--202},
  year={2011},
  publisher={Springer}
}
@inproceedings{SEJK08,
author = {R. Smith and C. Estan and S. Jha and S. Kong},
title = {Deflating the big bang: fast and scalable deep packet
inspection with extended finite automata},
booktitle = {Proc. ACM SIGCOMM 2008 Conference on Data communication},
year = {2008},
pages = {207--218},
publisher = {ACM}
} 
@inproceedings{HR00a,
  author    = {T.A. Henzinger and J.-F. Raskin},
  title     = {Robust Undecidability of Timed and Hybrid Systems},
  year      = {2000},
  pages     = {145--159},
  booktitle = {Proc.~3rd int'l Workshop on Hybrid Systems:
               Computation and Control},
  publisher = {Springer},
  series    = {Lecture Notes in Computer Science},
  volume    = {1790}
}

@article{dMB11,
  author    = {L.M. {de Moura} and N. Bj{\o}rner},
  title     = {Satisfiability modulo theories: 
               introduction and applications},
  journal   = {Commun. ACM},
  volume    = {54},
  number    = {9},
  year      = {2011},
  pages     = {69--77}
}
@inproceedings{NRJKVMS06,
  author    = {Y. Naveh and
               M. Rimon and
               I. Jaeger and
               Y. Katz and
               M. Vinov and
               E. Marcus and
               G. Shurek},
  title     = {Constraint-Based Random Stimuli Generation for Hardware
               Verification},
  booktitle = {AAAI},
  year      = {2006},
  pages     = {1720--1727},
  title     = {Proc. 21st National Conf. on Artificial
               Intelligence and 18th Innovative Applications
               of Artificial Intelligence Conf},
  publisher = {AAAI Press},
}

@inproceedings{NavEm05,
  author    = {Y. Naveh and R. Emek},
  title     = {Random Stimuli Generation for Functional Hardware 
               Verification as a CP Application},
  year      = {2005},
  pages     = {882--882},
  booktitle     = {Proc. 11th Int'l Conf.~on Principles and Practice of 
                  Constraint Programming},
  publisher = {Springer},
  series    = {Lecture Notes in Computer Science},
  volume    = {3709}
}

@article{GABK11,
author={E. Guralnik, and M. Aharoni, and A.J. Birnbaum and A.  Koyfman},
title={Simulation-Based Verification of Floating-Point Division},
journal={Computers, IEEE Transactions on}, title={Simulation-Based
Verification of Floating-Point Division},
year={2011},
volume={60},
number={2},
pages={176--188}
}
@inproceedings{Ben05,
  author    = {B. Bentley},
  title     = {Validating a Modern Microprocessor},
  year      = {2005},
  pages     = {2-4},
  booktitle     = {Proc. 17th Int'l Conf.~on Computer Aided Verification},
  publisher = {Springer},
  series    = {Lecture Notes in Computer Science},
  volume    = {3576}
}

@article{Mul94,
  author    = {J.M. Muller},
  title     = {Some Characterizations of Functions Computable in On-Line
               Arithmetic},
  journal   = {IEEE Trans. Computers},
  volume    = {43},
  number    = {6},
  year      = {1994},
  pages     = {752--755}
}
@inproceedings{BCRO86,
  author    = {H.-J. Boehm and R. Cartwright and M. Riggle and
               M.J. O'Donnell},
  title     = {Exact Real Arithmetic: A Case Study in Higher Order 
             Programming},
  booktitle = {LISP and Functional Programming},
  year      = {1986},
  pages     = {162--173}
}
@inproceedings{PEE97,
  author    = {P.J. Potts and
               A. Edalat and
               M.H. Escard{\'o}},
  title     = {Semantics of Exact Real Arithmetic},
  booktitle = {Proc. 12 IEEE Symp. on Logic in Computer Science},
  year      = {1997},
  pages     = {248--257}
}
@inproceedings{MRE04,
  author    = {J. R. Marcial-Romero and M.H. Escard{\'o}},
  title     = {Semantics of a Sequential Language for Exact Real-Number
               Computation},
  year      = {2004},
  pages     = {426--435},
  title     = {Proc. 19th IEEE Symposium on Logic in Computer Science}
}
@inproceedings{Rut99,
  author    = {J.J.M.M. Rutten},
  title     = {Automata, Power Series, and Coinduction: Taking Input
               Derivatives Seriously},
  year      = {1999},
  pages     = {645--654},
  booktitle     = {Proc. 26th Int'l Colloq. on Automata, Languages and 
                   Programming},
  publisher = {Springer},
  series    = {Lecture Notes in Computer Science},
  volume    = {1644}
}
@article{Kon02,
  author    = {M. Konecn{\'y}},
  title     = {Real functions computable by finite automata using
               affine representations},
  journal   = {Theor. Comput. Sci.},
  volume    = {284},
  number    = {2},
  year      = {2002},
  pages     = {373--396}
}
@inproceedings{BG00,
  author    = {A. Blumensath and
               E. Gr{\"a}del},
  title     = {Automatic Structures},
  booktitle = {Proc. 5th IEEE Symp. on Logic in Computer Science},
  year      = {2000},
  pages     = {51-62},
}
@article{BJW05,
  author    = {B. Boigelot and S. Jodogne and P. Wolper},
  title     = {An effective decision procedure for linear arithmetic over
               the integers and reals},
  journal   = {ACM Trans. Comput. Log.},
  volume    = {6},
  number    = {3},
  year      = {2005},
  pages     = {614--633}
}
@inproceedings{GS05,
  author    = {R. Grosu and
               S.A. Smolka},
  title     = {Monte Carlo Model Checking},
  year      = {2005},
  pages     = {271--286},
  booktitle     = {Proc. 11th Int'l Conf. on Tools and Algorithms for 
               the Construction and Analysis of Systems},
  publisher = {Springer},
  series    = {Lecture Notes in Computer Science},
  volume    = {3440}
}
@Inproceedings{ABCLPK03,
   author   = {M. Akinc and K.E. Bekris and B.Y. Chen and
               A.M. Ladd and E. Plaku and L.E. Kavraki},
   title    = {Probabilistic Roadmaps of Trees for Parallel
               Computation of Multiple Query Roadmaps},
   booktitle= {Proc. 11th Int'l Symp. of Robotics Research},
   year     = {2003},
   publisher= {Springer},
   series   = {Springer Tracts in Advanced Robotics (STAR)},
   volume   = {15},
   pages    = {80--89}
}

@inproceedings{KufLav00,
  author={J.J. Kuffner and S. M. LaValle},
   title={{RRT}-Connect: An Efficient Approach to Single-Query Path 
  Planning},
  booktitle =    {Proc. IEEE Inte'l Conf. on Robotics and Automation},
  year={2000},
  pages = {995--1001}
}

@inproceedings{BK00a,
  author =   {R. Bohlin and L. E. Kavraki},
  title =    {Path Planning Using Lazy {PRM}},
  booktitle =    {Proc. IEEE Inte'l Conf. on Robotics and Automation},
  pages  = {521--528},
  year =     2000
}

@inproceedings{PKV09,
  author    = {E. Plaku and
               L.E. Kavraki and
               M. Y. Vardi},
  title     = {Falsification of {LTL} Safety Properties in Hybrid Systems},
  year      = {2009},
  pages     = {368--382},
  booktitle     = {Proc. 15th Int'l Conf. on Tools and Algorithms for 
                   the Construction and Analysis of Systems},
  publisher = {Springer},
  series    = {Lecture Notes in Computer Science},
  volume    = {5505}
}
@article{GPP08,
  author    = {R. Gentilini and
               C. Piazza and
               A. Policriti},
  title     = {Symbolic Graphs: Linear Solutions to Connectivity
               Related Problems},
  journal   = {Algorithmica},
  volume    = {50},
  number    = {1},
  year      = {2008},
  pages     = {120--158}
}
@book{BZ08,
     author = {H. Boul\'e and Z. Zilic},
     title ={Genearting Hardware Assertion-Checkers},
     publisher = {Springer},
     year = 2008
}
@article{FS04,
  author    = {B. Finkbeiner and
               H. Sipma},
  title     = {Checking Finite Traces Using Alternating Automata},
  journal   = {Formal Methods in System Design},
  volume    = {24},
  number    = {2},
  year      = {2004},
  pages     = {101--127}
}
@inproceedings{TV10a,
  author    = {D. Tabakov and M.Y. Vardi},
  title     = {Optimized temporal monitors for {SystemC}},
  booktitle     = {Proc. 1st Int'l Conf. on Runtime Verification},
  Publisher = {Springer},
  Series    = {Lecture Notes in Computer Science 6418},
  year      = {2010},
  pages     = {436--451}
}

@inproceedings{BLS06,
  author    = {A. Bauer and
               M. Leucker and
               C. Schallhart},
  title     = {Monitoring of Real-Time Properties},
  year      = {2006},
  pages     = {260--272},
  booktitle     = {Proc. 26th Int'l Conf on Foundations of Software 
Technology and Theoretical Computer Science},
  publisher = {Springer},
  series    = {Lecture Notes in Computer Science},
  volume    = {4337}
}
@article{Gup02,
 author = {A. Gupta},
 title = {Assertion-based verification turns the corner},
 journal = {IEEE Des. Test},
 volume = {19},
 issue = {4},
 year = {2002},
 pages = {131--132}
} 
@inproceedings{TFVT10,
  author    = {M.H. Tsai and
               S. Fogarty and
               M.Y. Vardi and
               Y.K. Tsay},
  title     = {State of B{\"u}chi Complementation},
  year      = {2010},
  pages     = {261--271},
  booktitle     = {Proc. 15th Int'l Conf. on Implementation and Application
               of Automata},
  publisher = {Springer},
  series    = {Lecture Notes in Computer Science},
  volume    = {6482}
}
@inproceedings{DR07,
  author    = {L. Doyen and
               J.F. Raskin},
  title     = {Improved Algorithms for the Automata-Based Approach
               to Model-Checking},
  year      = {2007},
  pages     = {451--465},
  booktitle     = {Proc. 13th Int'l Conf. on Tools and Algorithms for the 
Construction and Analysis of Systems},
  publisher = {Springer},
  series    = {Lecture Notes in Computer Science},
  volume    = {4424}
}

@inproceedings{{ACCHHMV11,
  author    = {P.A. Abdulla and
               Y.F. Chen and
               L. Clemente and
               L. Hol\'{\i}k and
               C.D. Hong and
               R. Mayr and
               T. Vojnar},
  title     = {Advanced Ramsey-Based B{\"u}chi Automata Inclusion Testing},
  year      = {2011},
  pages     = {187--202},
  booktitle     = {Proc. 22 Intl Conf. on Concurrency Theory},
  publisher = {Springer},
  series    = {Lecture Notes in Computer Science},
  volume    = {6901}
}
@inproceedings{ACCHHMV10,
  author    = {P.A. Abdulla and
               Y.F. Chen and
               L. Clemente and
               L. Hol\'{\i}k and
               C.D. Hong and
               R. Mayr and
               T. Vojnar},
  title     = {Simulation Subsumption in Ramsey-Based B{\"u}chi Automata
               Universality and Inclusion Testing},
  year      = {2010},
  pages     = {132--147},
  booktitle     = {Proc. 22 Int'l Conference on Computer Aided 
                   Verification},
  publisher = {Springer},
  series    = {Lecture Notes in Computer Science},
  volume    = {6174}
}
@inproceedings{FGS07,
  author    = {A. Flaisher and A. Gluska and E. Singerman},
  title     = {Case study: Integrating FV and DV in the Verification
               of the Intel Core$^{\mbox{TM}}$ 2 Duo Microprocessor},
  booktitle     = {Proc. 7th Int'l Conf. on Formal Methods in 
                  Computer-Aided Design},
  publisher = {IEEE Computer Society},
  year      = {2007},
  pages     = {192--195}
}

@inproceedings{End11,
  author    = {Y. Endoh},
  title  = {{ASystemC}: an AOP extension for hardware description language},
  year      = {2011},
  pages     = {19--28},
  booktitle     = {Companion Volume of the 10th Int'l Conf.
                   on Aspect-Oriented Software Development},
  publisher = {ACM}
}

@article{SB06,
  author    = {V. Stolz and E. Bodden},
  title     = {Temporal Assertions using AspectJ},
  journal   = {Electr. Notes Theor. Comput. Sci.},
  volume    = {144},
  number    = {4},
  year      = {2006},
  pages     = {109--124}
}
@inproceedings{RV11,
    author      =   "K.Y. Rozier and M.Y. Vardi",
    title       =   "A Multi-Encoding Approach for {LTL} Symbolic
                    Satisfiability Checking",
    booktitle   =   "Int'l Symp.~on Formal Methods",
    series      =   "LNCS",
    volume      =   "6664",
    publisher   =   "Springer",
    pages       =   "417--431",
    year        =   "2011"
}

@inproceedings{CKH10,
  author    = {E.M. Clarke and R.P. Kurshan and H. Veith},
  title     = {The Localization Reduction and Counterexample-Guided
               Abstraction Refinement},
  year      = {2010},
  pages     = {61--71},
  booktitle     = {Time for Verification, Essays in Memory of Amir Pnueli},
  publisher = {Springer},
  series    = {Lecture Notes in Computer Science},
  volume    = {6200}
}
@article{CES09,
  author    = {E.M. Clarke and E.A. Emerson and J. Sifakis},
  title     = {Model checking: algorithmic verification and debugging},
  journal   = {Commun. ACM},
  volume    = {52},
  number    = {11},
  year      = {2009},
  pages     = {74--84}
}
@article{MZ09,
  author    = {S. Malik and L. Zhang},
  title     = {Boolean satisfiability from theoretical hardness to 
               practical success},
  journal   = {Commun. ACM},
  volume    = {52},
  number    = {8},
  year      = {2009},
  pages     = {76--82}
}
@inproceedings{MB10,
  author    = {L.M. {de Moura} and N. Bj{\o}rner},
  title     = {Bugs, Moles and Skeletons: Symbolic Reasoning for Software
               Development},
  year      = {2010},
  pages     = {400--411},
  booktitle     = {Proc. 5th Int'l Joint Conf. on Automated Reasoning},
  publisher = {Springer},
  series    = {Lecture Notes in Computer Science},
  volume    = {6173}
}
@INPROCEEDINGS{KKV10,
title={Motion planning with hybrid dynamics and temporal goals},
author={A. Bhatia and L.E. Kavraki and M.Y. Vardi},
booktitle={Proc. 49th IEEE Conference on Decision and Control},
year={2010},
pages={1108--1115}
}

@InProceedings{MMV10,
  author ={F. Mogavero and A. Murano and M.Y.  Vardi},
  title ={{Reasoning About Strategies}},
  booktitle ={Proc. 30th Int'l Conf. on Foundations of Software
              Technology and Theoretical Computer Science},
  pages ={133--144},
  series ={Leibniz International Proceedings in Informatics (LIPIcs)},
  year ={2010},
  volume ={8},
  editor ={Kamal Lodaya and Meena Mahajan},
  publisher ={Schloss Dagstuhl--Leibniz-Zentrum fuer Informatik},
  address ={Dagstuhl, Germany},
  URL ={http://drops.dagstuhl.de/opus/volltexte/2010/2859},
  URN ={urn:nbn:de:0030-drops-28597},
  doi ={http://dx.doi.org/10.4230/LIPIcs.FSTTCS.2010.133}
}
@book{FKL10,
     author = {H.D. Foster and A.C. Krolnik and  D.J. Lacey},
     title ={Assertion-Based Design},
     publisher = {Springer},
     year = 2010
}
@inproceedings{KGC04,
  author    = {D. Kroening and
               A. Groce and
               E.M. Clarke},
  title     = {Counterexample Guided Abstraction Refinement Via Program
               Execution},
  year      = {2004},
  pages     = {224--238},
  title     = {Proc. 6th Int'l
               Conference on Formal Engineering Methods},
  publisher = {Springer},
  series    = {Lecture Notes in Computer Science},
  volume    = {3308}
}

@inproceedings{GNRT10,
  author    = {P. Godefroid and A.V. Nori and
               S.K. Rajamani and S. Tetali},
  title     = {Compositional may-must program analysis: unleashing the
               power of alternation},
  year      = {2010},
  pages     = {43--56},
  title     = {Proc. 37th Symp.  on
               Principles of Programming Languages},
  publisher = {ACM}
}

@article{FF07,
  author    = {C. Flanagan and
               S.N. Freund},
  title     = {Type inference against races},
  journal   = {Sci. Comput. Program.},
  volume    = {64},
  number    = {1},
  year      = {2007},
  pages     = {140--165}
}
@article{BK10,
  author    = {N. Blanc and D. Kroening},
  title     = {Race analysis for systemc using model checking},
  journal   = {ACM Trans. Design Autom. Electr. Syst.},
  volume    = {15},
  number    = {3},
  year      = {2010}
}

@inproceedings{KGG08,
  author    = {S. Kundu and M.K. Ganai and R. Gupta},
  title     = {Partial order reduction for scalable testing of systemC
               TLM designs},
  year      = {2008},
  pages     = {936--941},
  booktitle     = {Proc. 45th Design Automation Conference},
  publisher = {ACM}
}

@article{HMM09,
  author    = {C. Helmstetter and
               F. Maraninchi and
               L. Maillet-Contoz},
  title     = {Full simulation coverage for {SystemC} transaction-level 
               models of systems-on-a-chip},
  journal   = {Formal Methods in System Design},
  volume    = {35},
  number    = {2},
  year      = {2009},
  pages     = {152--189}
}

@inproceedings{SA06,
  author    = {K. Sen and G. Agha},
  title     = {CUTE and jCUTE: Concolic Unit Testing and Explicit Path
               Model-Checking Tools},
  year      = {2006},
  pages     = {419--423},
  booktitle     = {Proc. 18th Int'l Conf. on Computer Aided Verification},
  publisher = {Springer},
  series    = {Lecture Notes in Computer Science},
  volume    = {4144}
}
@inproceedings{GKS05,
  author    = {P. Godefroid and N. Klarlund and K. Sen},
  title     = {DART: directed automated random testing},
  year      = {2005},
  pages     = {213--223},
  booktitle     = {Proc. ACM Conf. on Programming
               Language Design and Implementation},
  publisher = {ACM}
}
@inproceedings{BGLBC04,
  author    = {C. Baier and M. Gr{\"o}{\ss}er and M. Leucker and
               B. Bollig and F. Ciesinski},
  title     = {Controller Synthesis for Probabilistic Systems},
  pages     = {493--506},
  booktitle     = {Proc. 3rd IFIP Int'l Conf.
               on Theoretical Computer Science},
  publisher = {Kluwer}
}
@inproceedings{BDLMC04},
  author    = {D. Berardi and G. {De Giacomo} and
               M. Lenzerini and M. Mecella and D. Calvanese},
  title     = {Synthesis of underspecified composite {\it }-services
               based on automated reasoning},
  year      = {2004},
  pages     = {105--114},
  title     = {Proc. 2nd Int'l Conf. on Service-Oriented Computing},
  publisher = {ACM}
}
@inproceedings{ADKKM05,
  author    = {N. Amla and X. Du and A. Kuehlmann and
               R.P. Kurshan and K.L. McMillan},
  title     = {An Analysis of {SAT}-Based Model Checking Techniques in an
               Industrial Environment},
  year      = {2005},
  pages     = {254--268},
  booktitle     = {Proc. 13th IFIG Advanced Research Working Conference on
                 Correct Hardware Design and Verification Methods},
  publisher = {Springer},
  series    = {Lecture Notes in Computer Science},
  volume    = {3725}
}

@inproceedings{PSCRBC06,
  author    = {I. Pill and S. Semprini and R. Cavada and
               M. Roveri and R. Bloem and A. Cimatti},
  title     = {Formal analysis of hardware requirements},
  year      = {2006},
  pages     = {821--826},
  booktitle     = {Proc. 43rd Design Automation Conference},
  publisher = {ACM},
}

@inproceedings{HT05,
  author    = {A. Habibi and S. Tahar},
  title    = {Design for Verification of {SystemC} Transaction Level Models},
  year      = {2005},
  pages     = {560--565},
  booktitle  = {Proc. 2005 Conf. on Design, Automation and Test in Europe},
  publisher = {IEEE Computer Society},
}
@inproceedings{MV98,
  author    = {R. van der Meyden and
               M.Y. Vardi},
  title     = {Synthesis from Knowledge-Based Specifications},
  year      = {1998},
  pages     = {34--49},
  booktitle     = {Proc. 8th Int'l Conf. on Concurrency Theory},
  publisher = {Springer},
  series    = {Lecture Notes in Computer Science},
  volume    = {1466}
}

@article{SJG07,
  author    = {R. Seater and D. Jackson and R. Gheyi},
  title     = {Requirement progression in problem frames: deriving
               specifications from requirements},
  journal   = {Requir. Eng.},
  volume    = {12},
  number    = {2},
  year      = {2007},
  pages     = {77--102}
}

@article{LCGGHMRRS09,
  author    = {B.T. Loo and T. Condie and M.N. Garofalakis and D.E. Gay and
               J.M. Hellerstein and P. Maniatis and R. Ramakrishnan and
               T. Roscoe and I. Stoica},
  title     = {Declarative networking},
  journal   = {Commun. ACM},
  volume    = {52},
  number    = {11},
  year      = {2009},
  pages     = {87--95}
}

@book{Sch96,
     author = {B. Schneier},
     title ={Applied Cryptography, 2nd Edition},
     publisher = {Wiley},
     year = 1996
}
@inproceedings{BMDS07,
  author    = {A. Barth and J. C. Mitchell and A. Datta and S. Sundaram},
  title     = {Privacy and Utility in Business Processes},
  year      = {2007},
  pages     = {279--294},
  booktitle     = {Proc. 20th IEEE Computer Security Foundations Symp.},
  publisher = {IEEE Computer Society}
}

@article{SM02,
  author    = {V. Shmatikov and J.C. Mitchell},
  title     = {Finite-state analysis of two contract signing protocols},
  journal   = {Theor. Comput. Sci.},
  volume    = {283},
  number    = {2},
  year      = {2002},
  pages     = {419--450}
}

@inproceedings{MMS97,
  author    = {J.C. Mitchell and M. Mitchell and U. Stern},
  title    = {Automated analysis of cryptographic protocols using Mur-phi},
  booktitle = {IEEE Symposium on Security and Privacy},
  year      = {1997},
  pages     = {141--151}
}

@proceedings{DBLP:conf/sp/1997,
  title     = {1997 IEEE Symposium on Security and Privacy, May 4-7,
1997,
               Oakland, CA, USA},
  booktitle = {IEEE Symposium on Security and Privacy},
  publisher = {IEEE Computer Society},
  year      = {1997},
  isbn      = {0-8186-7828-3},
  bibsource = {DBLP, http://dblp.uni-trier.de}
}

@inproceedings{PL02,
  author    = {P.J. Broadfoot and Gavin Lowe},
  title     = {Analysing a Stream Authentication Protocol Using
               Model Checking},
  year      = {2002},
  pages     = {146--161},
  booktitle     = {Proc. 7th European Symp.
               on Research in Computer Security},
  publisher = {Springer},
  series    = {Lecture Notes in Computer Science},
  volume    = {2502}
}

@article{BMV05,
  author    = {D.A. Basin and S. M{\"o}dersheim and L. Vigan{\`o}},
  title     = {OFMC: A symbolic model checker for security protocols},
  journal   = {Int. J. Inf. Sec.},
  volume    = {4},
  number    = {3},
  year      = {2005},
  pages     = {181--208}
}

@article{CDLV07,
  author    = {D. Calvanese and G. {De Giacomo} and M. Lenzerini and
               M.Y. Vardi},
  title     = {View-based query processing: On the relationship between
               rewriting, answering and losslessness},
  journal   = {Theor. Comput. Sci.},
  volume    = {371},
  number    = {3},
  year      = {2007},
  pages     = {169--182}
}

@inproceedings{CDLV09,
  author    = {D. Calvanese and G. {De Giacomo} and M. Lenzerini and
               M.Y. Vardi},
  title     = {An Automata-Theoretic Approach to Regular XPath},
  year      = {2009},
  pages     = {18--35},
  booktitle     = {Proc. 12th Int'l Symp. on Database Programming 
                   Languages},
  publisher = {Springer},
  series    = {Lecture Notes in Computer Science},
  volume    = {5708}
}

@inproceedings{GBJV08,
  author    = {K. Greimel and R. Bloem and B. Jobstmann and M.Y. Vardi},
  title     = {Open Implication},
  year      = {2008},
  pages     = {361--372},
  booktitle     = {Proc. 35th Int'l Colloq. on Automata, Languages and 
                   Programming -- Track B}, 
  publisher = {Springer},
  series    = {Lecture Notes in Computer Science},
  volume    = {5126}
}

@inproceedings{AMV07,
  author    = {B. Aminof and A. Murano and Moshe Y. Vardi},
  title     = {Pushdown Module Checking with Imperfect Information},
  pages     = {460--475},
  booktitle     = {Proc. 18th Int'l Conf. on Concurrency Theory},
  publisher = {Springer},
  series    = {Lecture Notes in Computer Science},
  volume    = {4703},
  year      = {2007},
}
@inproceedings{FV09,
  author    = {S. Fogarty and M Y. Vardi},
  title     = {B{\"u}chi Complementation and Size-Change Termination},
  year      = {2009},
  pages     = {16--30},
  booktitle     = {Proc. 15th Int'l Conf. on Tools and Algorithms for the 
                   Construction and Analysis of Systems},
  publisher = {Springer},
  series    = {Lecture Notes in Computer Science},
  volume    = {5505}
}

@article{PKV09a,
  author    = {E. Plaku and L.E. Kavraki and M.Y. Vardi},
  title     = {Hybrid systems: from verification to falsification by
               combining motion planning and discrete search},
  journal   = {Formal Methods in System Design},
  volume    = {34},
  number    = {2},
  year      = {2009},
  pages     = {157--182}
}

@inproceedings{AFFHVVZ07,
  author    = {R. Armoni and L. Fix and R. Fraer and T. Heyman and
               M.Y. Vardi and Y. Vizel and Y. Zbar},
  title     = {Deeper Bound in BMC by Combining Constant Propagation and
               Abstraction},
  pages     = {304--309},
  booktitle     = {Proc. 12th Conf. on Asia South Pacific
               Design Automation},
  publisher = {IEEE},
  year      = {2007}
}
@article{Jac09,
  author    = {D. Jackson},
  title     = {A direct path to dependable software},
  journal   = {Commun. ACM},
  volume    = {52(4)},
  year      = {2009},
  pages     = {78--88}
}
@inproceedings{Var09,
  author    = {M.Y. Vardi},
  title     = {From Philosophical to Industrial Logics},
  year      = {2009},
  pages     = {89--115},
  booktitle     = {Proc. 3rd Indian Conf. on Logic and Its Applications},
  publisher = {Springer},
  series    = {Lecture Notes in Computer Science},
  volume    = {5378}
}

@inproceedings{NV09,
  author    = {S. Nain and M.Y. Vardi},
  title     = {Trace Semantics is Fully Abstract},
  year      = {2009},
  pages     = {59--68},
  booktitle     = {Proc. 24th IEEE Symp. on Logic in
               Computer Science}, 
  publisher = {IEEE Computer Society}
}

@article{PV05,
  author    = {G. Pan and M.Y. Vardi},
  title     = {Symbolic techniques in satisfiability solving},
  journal   = {J.~of Automated Reasoning},
  volume    = {35},
  year      = {2005},
  pages     = {25--50}
}
@inproceedings{CRT07,
  author    = {A. Cimatti and M. Roveri and S. Tonetta},
  title     = {Syntactic Optimizations for PSL Verification},
  booktitle = {TACAS},
  year      = {2007},
  pages     = {505-518}
}

@inproceedings{BBEL96,
author = {I. Beer and S. Ben-David and C. Eisner and A. Landver},
title = {RuleBase: An Industry-Oriented Formal Verification Tool},
journal ={Design Automation Conference},
year = {1996},
pages = {655-660},
publisher = {IEEE Computer Society},
}

@inproceedings{SV07,
  author    = {S. Nain and M.Y. Vardi},
  title     = { Branching vs.~linear time -- semantical perspective},
  pages     = {19--34},
  booktitle  = {Proc. 5th Int'l Symp. on Automated Technology for
               Verification and Analysis},
  publisher = {Springer},
  series    = {Lecture Notes in Computer Science},
  volume    = {4762},
  year      = {2007},
}

@book{Sto88,
     author = {A. Stoughton},
     title ={ Fully Abstract Models of Programming Languages},
     publisher = {Pitman},
     year = 1988
}
@book{DG79,
     author = {D. Dreben and W.~D. Goldfarb},
     title ={The Decision Problem: Solvable
              Classes of Quantificational Formulas},
     publisher = {Addison-Wesley},
     year = 1979
}
@article{Sko19,
  author    = {Th. Skolem},
  title     = {Untersuchung \"uber {Axiome} des {Klassenkalk\"uls}
und \"uber {Produktations}- und {Summationsprobleme}, welche gewisse 
{Klassen} von {Aussagen} betreffen
({Investigations} of the axioms of the calculus of classes and on
product and sum problems that are connected with certain class
of statements)},
  journal   = {Videnskabsakademiet i Kristiania, Skrifter I},
  volume    = {3},
  year      = {1919},
  note      = {[Translated in Selected Works in Logic by Th. Skolem'', 
              J.E. Fenstak, Scand. Univ. Books, Universitetsforlaget, 
              Oslo, 1970, 67--101]}
}
@article{Low15,
  author    = {L. L\"owenheim},
  title     = {{\"Uber} {M\"og枚lichkeiten }im {Relativkalk\"ull}
              ({On} possibilities in the claculus of relations)},
  journal   = {Math. Ann.},
  volume    = {76},
  year      = {1915},
  pages     = {447--470},
  note      = {[Translated in From Frege to G\"odel, van Heijenoort, 
              Harvard Univ. Press, 1971]}
}

@book{Dav01,
  author = {M. Davis},
title = {Engines of Logic: Mathematicians and the Origin of the Computer}, 
  publisher = {Norton},
  year      = {2001}
}
@inproceedings{ACMN05,
  author    = {R. Alur and P. Cern{\'y} and P. Madhusudan and W. Nam},
  title     = {Synthesis of interface specifications for Java classes},
  year      = {2005},
  pages     = {98--109},
  booktitle  = {Proc. 32nd ACM Symp.  on Principles of Programming 
                 Languages}
}
@inproceedings{MJ07,
  author    = {A. Muhammad and A. Jadbabaie},
  title     = {Dynamic Coverage Verification in Mobile Sensor Networks
               Via Switched Higher Order Laplacians},
  booktitle = {Robotics: Science and Systems III},
  year      = {2007},
  publisher = {The MIT Press}
}

@article{NMA08,
  author    = {W. Nam and P. Madhusudan and R. Alur},
  title     = {Automatic symbolic compositional verification by
               learning assumptions},
  journal   = {Formal Methods in System Design},
  volume    = {32},
  number    = {3},
  year      = {2008},
  pages     = {207-234}
}
@book{CLHKBKT05,
  author = {H. Choset and K.M. Lynch and S. Hutchinson and G. Kantor
            and W. Burgard and L.E.  Kavraki and S. Thrun},
  title = { Principles of Robot Motion: Theory, Algorithms, 
            and Implementations},
  publisher = {MIT Press},
  year      = {2005}
}
@inproceedings{PKV08,
 title={ Impact of workspace decompositions on discrete search leading
          continuous exploration ({DSLX}) motion planning},
  author={E. Plaku and L. E. Kavraki and M. Y. Vardi},
  booktitle={IEEE International Conference on Robotics and Automation},
  year={2008},
  pages={3751--3756},
  address={Pasadena, California}}
@inproceedings{AIS93,
  author    = {R. Agrawal and T. Imielinski and A. N. Swami},
  title     = {Mining Association Rules between Sets of Items in Large
               Databases},
  year      = {1993},
  pages     = {207--216},
  title     = {Proc. 1993 ACM SIGMOD Int'l Conf.
               on Management of Data}, 
  publisher = {ACM Press},
}
@book{KeVa94,
  author = {M.J. Kearns and U.V. Vazirani},
  title = {An Introduction to Computational Learning Theory},
  publisher = {MIT Press},
  year      = {1994}
}
@inproceedings{BKV97,
  author    = {P. Babighian and G. Kamhi and M.Y. Vardi},
  title = {PowerQuest: trace driven data mining for power optimization},
  year      = {2007},
  title   = {Proc. Conf. on Design, Automation and Test in Europe},
  pages   = {1078--1083},
  publisher = {EDA Consortium}
}
@inproceedings{Hur07,
  author    = {A.P. Hurst},
  title     = {Fast Synthesis of Clock Gates from Existing Logic},
  year      = {2007},
  title   = {Proc. 16th Int'l Workshop on Logic and Synthesis}
}
@inproceedings{JB06a,
  author    = {B. Jobstmann and R. Bloem},
  title     = {Optimizations for {LTL} Synthesis},
  year      = {2006},
  pages     = {117--124},
  booktitle   = {Proc. 6th Int'l Conf. on Formal Methods in Computer-Aided 
            Design},
  publisher = {IEEE Computer Society}
}
@inproceedings{Man00,
  author    = {P. Manolios},
  title     = {Correctness of Pipelined Machines},
  pages     = {161--178},
  booktitle  = {Proc. 3rd Int'l Conf. on Formal Methods in Computer-Aided 
               Design},
  publisher = {Springer},
  series    = {Lecture Notes in Computer Science},
  volume    = {1954},
  year      = {2000},
}

@article{DY83,
  author    = {D. Dolev and A.C. Yao},
  title     = {On the security of public key protocols},
  journal   = {IEEE Transactions on Information Theory},
  volume    = {29},
  number    = {2},
  year      = {1983},
  pages     = {198--207}
}
@inproceedings{ZHEJ07,
  author    = {L. Zhang and H. Hermanns and F. Eisenbrand and D.N. Jansen},
  title     = {Flow Faster: Efficient Decision Algorithms for Probabilistic
               Simulations},
  year      = {2007},
  pages     = {155--169},
  booktitle     = {Proc. 13th Int'l Conf. on Tools and Algorithms for the 
                   Construction and Analysis of Systems},
  publisher = {Springer},
  series    = {Lecture Notes in Computer Science},
  volume    = {4424},
}

@InCollection{STV07,
  author =       {R. Sebastiani and S. Tonetta and M.Y. Vardi},
title =       {Property-Driven Partitioning for Abstraction Refinement},
  booktitle =   {Proc. 13th Int'l Conf. on Tools and Algorithms
for the Construction and Analysis of Systems},
  publisher =    {Springer},
  series    = {Lecture Notes in Computer Science},
  volume    = {4424},
  year =         {2007},
  pages =        {389--404}
}

@article{Tra50,
  author = {B.A. Trakhtenbrot},
  title = {The impossibilty of an algorithm for the decision problem
             for finite models},
  journal = {Doklady Akademii Nauk SSR},
  volume =  70,
  year = 1950,
  pages = {569--572}
}

@inproceedings{FM91,
  author    = {J.C. Fernandez and L. Mounier},
  title     = {``On the Fly`` Verification of Behavioural Equivalences
               and Preorders},
  year      = {1991},
  pages     = {181--191},
  booktitle     = {Proc. 3rd Int'l Workshop on Computer Aided Verification},
  publisher = {Springer},
  series    = {Lecture Notes in Computer Science},
  volume    = {575}
}
@techreport{Acz88,
    author = {P. Aczel},
    title = {Non-well-founded Sets},
    institution = {CSLI Lecture Notes, no. 14, Stanford University},
    year = 1988
}

@techreport{Gol87,
    author = {R. Goldblatt},
    title = {Logic of Time and Computation},
    institution = {CSLI Lecture Notes, no.7, Stanford University},
    year = 1987
}

@InCollection{AM89,
  author =       {P. Aczel and N.P. Mendler},
  title =        {A Final Coalgebra Theorem},
  booktitle =    {Category Theory and Computer Science},
  publisher =    {Springer},
  series    = {Lecture Notes in Computer Science},
  volume    = {389},
  year =         {1989},
  pages =        {357--365}
}
@InCollection{Gla01a,
  author =       "R.J. van Glabbeek",
  title =        "What is branching time and why to use it?",
  booktitle =    {Current Trends in Theoretical Computer Science;
                  Entering the 21st Century},
  publisher =    {World Scientific},
  year =         {2001},
  editor =       {G. Paun and G. Rozenberg and A. Salomaa},
  pages =        {469--479}
}

@article{Kra07,
  author =   "J. Kramer",
  title =    "Is abstraction the key to computing?",
  journal = {Comm. ACM},
  year =     2007,
  volume=50,
  number = 4,
  pages = {36--42}
}
@book{FHMV95,
    author = {R. Fagin and J.Y. Halpern and Y. Moses and M.Y. Vardi},
    title = {Reasoning about Knowledge},
    publisher = {MIT Press},
    address = {Cambridge, Mass.},
    year = 1995
}
@article{GH02,
  author =   "P.D. Gr{\"u}nwald and J.Y. Halpern",
  title =    "Updating probabilities",
  journal = "j. AI Research",
  year =     2003,
  volume=19,
  pages = {243--278}
}
@article{Hal97,
    author={J.Y. Halpern},
    title={On ambiguities in the interpretation of game trees},
    journal = {Games and Economic Behavior},
    year = {1997},
    volume=20,
    pages={66-96}
}
@incollection{Hal04,
    author={J.Y. Halpern},
    title={Sleeping beauty reconsidered: {C}onditioning and reflection
    in asynchronous systems},
   booktitle= "Proc. 9th Int'l Conf. on Principles of Knowledge Representation",
   publisher = "AAAI Press",
   year = 2004,
   pages = {12--22}
}
@book{Hal03,
    author={J.~Y. Halpern},
    title={Reasoning About Uncertainty},
   year = 2003,
   publisher = "MIT Press",
   Address="Cambridge, Mass."
}

@inproceedings{Var07b,
  author    = {M. Y. Vardi},
  title     = {The B{\"u}chi Complementation Saga},
  year      = {2007},
  pages     = {12-22},
  booktitle     = {Proc.~24th Sympo. on Theoretical Aspects
               of Computer Science}, 
  publisher = {Springer},
  series    = {Lecture Notes in Computer Science},
  volume    = {4393}
}
@article{BoGr96,
  author    = {R.N. Bol and J.F. Groote},
  title     = {The Meaning of Negative Premises in Transition System 
               Specifications},
  journal   = {J. ACM},
  volume    = {43},
  number    = {5},
  year      = {1996},
  pages     = {863--914}
}
@article{Gro93,
  author    = {J.F. Groote},
  title     = {Transition System Specifications with Negative Premises},
  journal   = {Theor. Comput. Sci.},
  volume    = {118},
  number    = {2},
  year      = {1993},
  pages     = {263--299}
}
@inproceedings{Vaa91,
  author    = {F.W. Vaandrager},
  title     = {On the Relationship Between Process Algebra and 
               Input/Output Automata},
  year      = {1991},
  pages     = {387--398},
  booktitle     = {Proc. 6th IEEE Symp. on Logic in Computer Science}
}

@inproceedings{Jon89,
  author    = {B. Jonsson},
  title     = {A Fully Abstract Trace Model for Dataflow Networks},
  booktitle = {Proc.\ 16th ACM Symp. on Principles  of Programming Languages},
  year      = {1989},
  pages     = {155--165},
}
@inproceedings{Bro02,
  author    = {S.D. Brookes},
  title     = {Traces, Pomsets, Fairness and Full Abstraction for Communicating
               Processes},
  year      = {2002},
  pages     = {466--482},
  booktitle     = {Proc. 13th Int'l Conf. on Concurrency Theory},
  publisher = {Springer},
  series    = {Lecture Notes in Computer Science},
  volume    = {2421}
}

@article{OH86,
  author    = {E.R. Olderog and C.A.R. Hoare},
  title     = {Specification-Oriented Semantics for Communicating Processes},
  journal   = {Acta Inf.},
  volume    = {23},
  number    = {1},
  year      = {1986},
  pages     = {9--66}
}
@article{Mai87,
  author    = {M.G. Main},
  title     = {Trace, failure and testing equivalences for
               communicating processes},
  journal   = {Int'l J. of Parallel Programming},
  volume    = {16},
  number    = {5},
  year      = {1987},
  pages     = {383--400}
}
    
@inproceedings{KPV07,
        author      =   "O. Kupferman and N. Piterman and M.Y. Vardi",
        title       =   "From Liveness to Promptness",
        booktitle  =    "Proc. 19th Int'l Conf. on Computer-Aided
                         Verification",
        series      =   "Lecture Notes in Computer Science",
        volume      =   4590,
        pages       =   "406--419",
        publisher   =   "Springer",
        year        =   "2007"
}
@article{FV02,
  author    = {K. Fisler and M.Y. Vardi},
  title     = {Bisimulation Minimization and Symbolic Model Checking},
  journal   = {Formal Methods in System Design},
  volume    = {21},
  number    = {1},
  year      = {2002},
  pages     = {39--78}
}
@article{BP99,
  author    = {M. Boreale and R. Pugliese},
  title     = {Basic Observables for Processes},
  journal   = {Information and Computation},
  volume    = {149},
  number    = {1},
  year      = {1999},
  pages     = {77--98}
}
@book{Hen88,
    author = "M. Hennessy",
    title = "Algebraic Theory of Processes",
    publisher = "MIT Press",
    year = 1988
}
@book{MT97,
    author = "W.W. Marek and M. Trusczynski",
    title = "Nonmonotonic Logic: Context-Dependent Reasoning",
    publisher = "Springer",
    year = 1997
}
@article{BIM95,
  author    = {B. Bloom and S. Istrail and A.R. Meyer},
  title     = {Bisimulation Can't be Traced},
  journal   = {J. ACM},
  volume    = {42},
  number    = {1},
  year      = {1995},
  pages     = {232--268}
}
@article{BM92,
  author    = {B. Bloom and A. R. Meyer},
  title     = {Experimenting with Process Equivalence.},
  journal   = {Theor. Comput. Sci.},
  volume    = {101},
  number    = {2},
  year      = {1992},
  pages     = {223--237}
}
@article{Abr87,
  author    = {S. Abramsky},
  title     = {Observation Equivalence as a Testing Equivalence},
  journal   = {Theor. Comput. Sci.},
  volume    = {53},
  year      = {1987},
  pages     = {225--241}
}
@book{HS66,
         author = "J. Hartmanis and R.E. Stearns",
         title = "Algebraic Structure Theory of Sequential Machines",
         publisher = "Prentice Hall",
         year = 1966
}

@incollection{Mil75,
  author    = {R. Milner},
  title     = {Processes: a mathematical model of computing agents},
  booktitle = {Logic Colloquium},
  year      = {1975},
  pages     = {157--173},
  publisher = {North Holland}
}
@article{LT89,
  author    = {N.A. Lynch and M.R. Tuttle},
  title     = {An introduction to input/output automata},
  journal   = {CWI Quarterly},
  volume    = {2},
  number    = {3},
  year      = {1989},
  pages     = {219--246}
}
@incollection{Cla78,
    author = "K.L. Clark",
    title = "Negation as Failure",
    booktitle = "Logic and Databases",
    publisher = "Plenum Press",
    editor = "H. Gallaire and J. Minker",
    pages = "293--322",
    year = "1978"
}
@article{McC80,
  author    = {J. McCarthy},
  title     = {Circumscription - A Form of Non-Monotonic Reasoning},
  journal   = {Artif. Intell.},
  volume    = {13},
  number    = {1-2},
  year      = {1980},
  pages     = {27--39}
}

@article{dNH84,
  author    = {R. {De Nicola} and M. Hennessy},
  title     = {Testing Equivalences for Processes},
  journal   = {Theor. Comput. Sci.},
  volume    = {34},
  year      = {1984},
  pages     = {83--133}
}
@book{Win93,
         author = "G. Winskel",
         title = "The Formal Semantics of Programming Languages",
         publisher = "MIT Press",
         year = 1993
}

@article{Abr06,
  author    = {S. Abramsky},
  title     = {What are the Fundamental Structures of Concurrency?: We
               still don't know!},
  journal   = {Electr. Notes Theor. Comput. Sci.},
  volume    = {162},
  year      = {2006},
  pages     = {37-41}
}
@inproceedings{KSKH04,
  author    = {Z. Khasidashvili and M. Skaba and D. Kaiss and
               Z. Hanna},
  title     = {Theoretical framework for compositional sequential 
 hardware equivalence verification in presence of design constraints},
  year      = {2004},
  pages     = {58-65},
  booktitle     = {Proc. Int'l Conf. on Computer-Aided Design},
  publisher = {IEEE Computer Society / ACM}
}
@article{BPS00,
    author = "W.R. Bush and J. D. Pincus and D.J. Sielaff",
    title = "A static analyzer for finding dynamic programming
            errors",
    journal = "Software Practice and Experience",
    volume = "30",
    number = "7",
    pages = "775--802",
    year = "2000",
}
@article{Kin76,
  author    = {J.C. King},
  title     = {Symbolic execution and program testing},
  journal   = {Comm. ACM},
  volume    = {19},
  number    = {7},
  year  = {1976},
  pages = {385-394}
}
@inproceedings{PaVi04,
  author    = {C.S. Pasareanu and W. Visser},
  title     = {Verification of {Java} Programs Using Symbolic Execution
               and Invariant Generation},
  year      = {2004},
  pages     = {164-181},
  booktitle  = {Proc. 11th Int'l SPIN SWorkshop on  Model Checking
                Software},
  publisher = {Springer},
  series    = {Lecture Notes in Computer Science},
  volume    = {2989}
}

@article{BDFLW04,
  author    = "M. Barnett and R. DeLine and M. F{\"a}hndrich and
               K.R.M. Leino and W. Schulte",
  title     = "Verification of object-oriented programs with 
              invariants",
  journal   = "J. of Object Technology",
  volume    = "3",
  number    = "6",
  year      = "2004"
}
@article{BCCEKLLP05,
  author    = {L. Burdy and
               Y. Cheon and
               D.R. Cok and
               M.D. Ernst and
               J. R. Kiniry and
               G.T. Leavens and
               K.R.M. Leino and
               E. Poll},
  title     = {An overview of {JML} tools and applications},
  journal   = {Int'l J. on Software Tools for Technology Transfer},
  volume    = {7},
  number    = {3},
  year      = {2005}
}
@book{GLMS02,
         author = "T. Groetker and S. Liao and G. Martin and S. Swan",
         title = "System Design with {SystemC}",
         publisher = "Springer",
         year = 2002
}
@book{SD04,
         author = "L. Singh and L. Drucker",
         title = "Advanced Verification Techniques : A {SystemC} Based
                  Approach for Successful Tapeout",
         publisher = "Springer",
         year = 2004
}


@article{HP00,
    author = "K. Havelund and T. Pressburger",
    title = "Model Checking {JAVA} Programs using {JAVA} PathFinder",
    journal = "Int'l J. on Software Tools for Technology Transfer",
    volume = "2",
    number = "4",
    pages = "366-381",
    year = "2000"
}
@inproceedings{GHT04,
  author    = {A. Gawanmeh and A. Habibi and S. Tahar},
  title     = {Enabling {SystemC} Verification Using Abstract State 
               Machines}, 
  booktitle     = {Proc. Languages for Formal Specification and
             Verification, Forum on Specification and Design Languages},
  year      = {2004},
}

@incollection{Wal95,
    author = "C. Wallace",
    title = "{The Semantics of the C++ Programming Language}",
    booktitle = "Specification and Validation Methods",
    publisher = "Oxford University Press",
    editor = "E. B{\"o}rger",
    pages = "131--164",
    year = "1995"
}
@book{GDPG01,
         author = "A. Gerstlauer and R. D{\"o}mer and
                  J. Peng and D.D. Gajski",
         title = "System Design -- A Practical Guide with SpecC",
         publisher = "Springer",
         year = 2001
}
@techreport{IS03,
  author    = {C.N. Ip and S. Swan},
  title     = {A tutorial introduction on the new {SystemC}
               verification standard},
  institution   = {www.systemc.org},
  note         = {White Paper},
  year      = {2003}
}

@article{BG92,
  author    = {G. Berry and G. Gonthier},
  title     = {The {ESTEREL} synchronous programming language: 
               design, semantics, implementation},
  journal   = {Science of Computer Programming},
  volume    = {19},
  number    = {2},
  year      = {1992},
  pages     = {87--152}
}
@inproceedings{MHR96,
  author    = {J. Monaco and D. Holloway and R. Raina},
  title     = {Functional verification methodology for the {PowerPC} 604
               microprocessor},
  pages     = {319-324},
  booktitle     = {Proc. 33rd Design Automation Conference},
  year      = {1996},
}
@article{Lud02,
  author    = {J.M. {Ludden et al.}},
  title     = {Functional verification of the {POWER4} microprocessor
               and {POWER4} multiprocessor systems},
  journal   = {IBM J. of Res. and Dev.},
  volume    = {46},
  number    = {1},
  year      = {2002},
  pages     = {53--76}
}
@article{HS99,
  author    = {W.A. Hunt and J. Sawada},
  title     = {Verifying the {FM9801} microarchitecture},
  journal   = {IEEE Micro},
  volume    = {19},
  number    = {3},
  year      = {1999},
  pages     = {47--55}
}
@book{SDF03,
         author = "S. Sutherland and S. Davidmann and P. Flake",
         title = "SystemVerilog For Design: A Guide to Using
           SystemVerilog for Hardware Design and Modeling",
         publisher = "Springer",
         year = 2003
}
@inproceedings{LSB02,
  author    = {S.K. Lahiri and S.A. Seshia and R.E. Bryant},
  title     = {Modeling and Verification of Out-of-Order Microprocessors
               in {UCLID}},
  pages     = {142-159},
  booktitle     = {Proc. 4th Int'l Conf. on Formal Methods in 
                   Computer-Aided Design},
  publisher = {Springer},
  series    = {Lecture Notes in Computer Science},
  volume    = {2517},
  year      = {2002},
}
@book{Lam02,
         author = "L. Lamport",
         title = "Specifying Systems: The TLA+ Language and
                Tools for Hardware and Software Engineers",
         publisher = "Addison-Wesley",
         year = 2002
}
@techreport{RT05,
  author    = {T.M. Ramanathan and V. Thomas},
  title     = {Platform 2015: {Intel} Processor and Platform Evolution
               for The Next Decade},
  institution   = {Intel},
  note         = {White Paper, Platform 2015},
  year      = {2005}
}

@article{Ray03,
        author      =   "A. Raynaud",
        title       =   "Code coverage techniques -- a hands-on view",
        journal =     "EETimes",
        month   = "February",
ee = "http://www.us.design-reuse.com/articles/article3950.html",
        year =          2003
}
@article{Goe05,
        author      =   "R. Goering",
        title       =   "A call to action for the {EDA} industry",
        journal =     "EETimes",
        month   = "June",
ee = "http://www.eetimes.com/showArticle.jhtml?articleID=164302128",
        year =          2005
}
@inproceedings{GH06,
  author    = {J. Geldenhuys and H. Hansen},
  title     = {Larger Automata and Less Work for {LTL} Model Checking},
  year      = {2006},
  pages     = {53-70},
  booktitle     = {SPIN},
  publisher = {Springer},
  series    = {LNCS},
  volume    = {3925}
}

@inproceedings{AMBL03,
  author    = {G. Ammons and D. Mandelin and R. Bodik and
               J.R. Larus},
  title     = {Debugging temporal specifications with concept analysis},
  year      = {2003},
  booktitle     = {Proc. ACM Conf. on Programming Language
                  Design and Implementation},
  pages = {182--195}
}
@inproceedings{Kup06,
  author    = {O. Kupferman},
  title     = {Sanity Checks in Formal Verification},
  year      = {2006},
  pages     = {37-51},
  booktitle     = {Proc. 17th Int'l Conf. on Concurrency Theory},
  publisher = {Springer},
  series    = {Lecture Notes in Computer Science},
  volume    = {4137}
}

@inproceedings{AH01,
  author    = {L. de Alfaro and T.A. Henzinger},
  title     = {Interface Theories for Component-Based Design},
  year      = {2001},
  pages     = {148-165},
  booktitle     = {Proc. 1st Int'l Workshop on Embedded Software},
  publisher = {Springer},
  series    = {Lecture Notes in Computer Science},
  volume    = {2211}
}

@incollection{Var06a,
  author    = {M.Y. Vardi},
  title     = {Automata-theoretic techniques for temporal reasoning},
  year      = {2006},
  pages     = {971--989},
  booktitle = {Handbook of Modal Logic},
  editor    = {P. Blackburn and J. van Benthem and and F. Wolter},
  publisher = {Elsevier}
}
@inproceedings{Gre69,
  author    = {C.C. Green},
  title     = {Application of Theorem Proving to Problem Solving},
  booktitle = {1st International Joint Conference on Artificial Intelligence},
  year      = {1969},
  pages     = {219--240}
}
@article{HP85b,
  author    = {D. Harel and D. Peleg},
  title     = {More on Looping vs. Repeating in Dynamic Logic},
  journal   = {Inf. Process. Lett.},
  volume    = {20},
  number    = {2},
  year      = {1985},
  pages     = {87--90}
}
@inproceedings{EFH05,
   author    = {C. Eisner and D. Fisman and J. Havlicek},
   title = {A topological characterization of weakness},
   booktitle = {Proc. 24th ACM Symp. on
   Principles of Distributed Computing},
   year      = {2005},
   pages     = {1--8},
   }
@article{HR83,
  author    = {J.Y. Halpern and J.H. Reif},
  title     = {The Propositional Dynamic Logic of Deterministic,
               Well-Structured Programs},
  journal   = {Theor. Comput. Sci.},
  volume    = {27},
  year      = {1983},
  pages     = {127--165}
}
@inproceedings{HR81,
  author    = { JY. Halpern and J.H. Reif},
  title     = {The Propositional Dynamic Logic of Deterministic, 
               Well-Structured Programs (Extended Abstract)},
  year      = {1981},
  pages     = {322--334},
  booktitle     = {Proc. 22nd IEEE Symp. on Foundations of Computer Science}
}

@inproceedings{CGPRV07,
  author = {B. Cook and A. Gotsman and A. Podelski and
            A. Rybalchenko and M.Y. Vardi},
  title = {Proving that programs eventually do something good},
  booktitle = {Proc. 34th ACM Symp. on Principles of Programming Languages},
  pages = {265--276},
  year = {2007}
}

@inproceedings{Kur90,
  author    = {R.P. Kurshan},
  title     = {Analysis of Discrete Event Coordination},
  pages     = {414--453},
  editor    = {J.W. de Bakker and W.P. de Roever and G. Rozenberg},
  booktitle     = {Proc. REX Workshop on Stepwise Refinement of Distributed 
                  Systems, Models, Formalisms, and Correctness},
  publisher = {Springer},
  series    = {Lecture Notes in Computer Science},
  volume    = {430},
  year      = {1990}
}
@incollection{Sal77,
  author    = {A. Salwicki},
  title     = {Algorithmic logic: a tool for investigations of programs},
  year      = {1977},
  pages     = {281--295},
  booktitle = {Logic Foundations of Mathematics and Computability Theory},
  editor    = {R.E. Butts and J. Hintikka},
  publisher = {Reidel}
}
@article{Eng67,
    Author = {E. Engeler},
    Title = {Algorithmic properties of structures},
    journal = {Math. Syst. Theory},
    Year = {1967},
    volume = {1},
    pages  = {183--195}
}
@inproceedings{Con77,
  author    = {R.L. Constable},
  title     = {On the theory of programming logics},
  year      = {1977},
  pages     = {269--285},
  booktitle     = {Proc. 9th ACM Symp. on Theory of Computing},
}

@book{GS87,
         author = "G. Mirkowska and A. Salwicki",
         title = "Algorithmic Logic",
         publisher = "Springer",
         year = 1987
}

@incollection{BS06,
    author = "J. Bradfield and C. Stirling",
    title = "{PDL} and modal $\mu$-calculus",
    booktitle = "Handbook of Modal Logic",
    publisher = "Elsevier",
    editor = "P. Blackburn and J. van Benthem and F.  Wolter",
    year = 2006
}
@inproceedings{EJ06,
  author    = {S. Edelkamp and S. Jabbar},
  title     = {Large-Scale Directed Model Checking {LTL}},
  year      = {2006},
  pages     = {1-18},
  booktitle     = {Proc. 12th Int'l SPIN Workshop on Model Checking 
                   Software},
  publisher = {Springer},
  series    = {Lecture Notes in Computer Science},
  volume    = {3925}
}

@article{Lee06,
    Author = {E.A. Lee},
    Title = {The Problem with Threads},
    journal = {IEEE Computer},
    Year = {2006},
    volume = {39},
    number = {5},
    pages  = {34--42}
}

@inproceedings{Bur74,
   AUTHOR = "R.M. Burstall",
   TITLE = "Program Proving as Hand Simulation with a Little Induction",
   PUBLISHER = "North-Holland",
   organization= "International Federation for Information Processing",
   BOOKTITLE = "Information Processing 74",
   YEAR = 1974,
   PAGES = "308--312",
   Address= "Stockholm, Sweden"
}
@inproceedings{EH83,
  author    = {E.A. Emerson and J.Y. Halpern},
  title     = {``{S}ometimes'' and ``Not Never'' Revisited: On Branching
               Versus Linear Time},
  booktitle = {Proc. 10th ACM Symp. on Principles of Programming Languages},
  year      = {1983},
  pages     = {127--140}
}
@article{EW59,
  author    = {C.C. Elgot and J. Wright},
  title     = {Quantifier elimination in a problem of logical design},
  journal   = {Michigan Math. J.},
  volume    = {6},
  year      = {1959},
  pages     = {65--69}
}

@inproceedings{Fix07,
  author    = {L. Fix},
  title     = {Fifteen Years of Formal Property Verification at {Intel}},
  booktitle         = {Proc.~2006 Workshop on 25 Years of Model Checking},
  series    = {Lecture Notes in Conmputer Science},
  publisher = {Springer},
  year      = {2007}
}

@article{HKP82,
  author    = {D. Harel and D. Kozen and R. Parikh},
  title     = {Process Logic: Expressiveness, Decidability, Completeness},
  journal   = {J. Comput. Syst. Sci.},
  volume    = {25},
  number    = {2},
  year      = {1982},
  pages     = {144--170}
}
@inproceedings{Koz82,
  author    = {D. Kozen},
  title     = {Results on the Propositional $\mu$-Calculus.},
  year      = {1982},
  pages     = {348--359},
  booktitle     = {Proc. 9th Colloquium on Automata, Languages and Programming},
  publisher = {Springer},
  series    = {Lecture Notes in Computer Science},
  volume    = {140}
}

@inproceedings{Pra78,
  author    = {V.R. Pratt},
  title     = {A Practical Decision Method for Propositional Dynamic Logic:
               Preliminary Report},
  year      = {1978},
  pages     = {326--337},
  booktitle     = {Proc. 10th Annual ACM Symposium on Theory of Computing},
}

@inproceedings{FL77,
  author    = {M.J. Fischer and R.E. Ladner},
  title     = {Propositional Modal Logic of Programs (Extended Abstract)},
  year      = {1977},
  pages     = {286--294},
  booktitle     = {Proc. 9th ACM Symp. on Theory of Computing}, 
}

@inproceedings{CES83,
  author    = {E.M. Clarke and E.A. Emerson and A.P. Sistla},
  title     = {Automatic Verification of Finite State Concurrent Systems
              Using Temporal Logic Specifications: A Practical Approach},
  booktitle = {Proc. 10th ACM Symp. on Principles of Programming Languages},
  year      = {1983},
  pages     = {117--126}
}
@inproceedings{SC82,
  author    = {A.P. Sistla and E.M. Clarke},
  title     = {The Complexity of Propositional Linear Temporal Logics},
  year      = {1982},
  pages     = {159--168},
  booktitle     = {Proc. 14th Annual ACM Symposium on Theory
               of Computing}
}

@article{Tho79,
  author    = {W. Thomas},
  title     = {Star-Free Regular Sets of $\omega$-Sequences},
  journal   = {Information and Control},
  volume    = {42},
  number    = {2},
  year      = {1979},
  pages     = {148--156}
}
@article{Cla07,
  author    = {E.M. Clarke},
  title     = {The Birth of Model Checking},
  journal = {This Volume},
  year      = {2007}
}

@inproceedings{EFHMV03,
  author    = {C. Eisner and
               D. Fisman and
               J. Havlicek and
               A. McIsaac and
               D. {Van Campenhout}},
  title     = {The Definition of a Temporal Clock Operator},
  year      = {2003},
  pages     = {857-870},
  booktitle     = {Proc. 30th Int'l Colloquium on
                   Automata, Languages and Programming},
  publisher = {Springer},
  series    = {Lecture Notes in Computer Science},
  volume    = {2719}
}

@inproceedings{FK98,
  author    = {L. Fix and G. Kamhi},
  title     = {Adaptive variable reordering for symbolic model checking},
  booktitle = {Proc. ACM/IEEE Int'l Conf. on Computer Aided Design},
  year      = {1998},
  pages     = {359--365}
}


@article{HP85a,
  author    = {D. Harel and D. Peleg},
  title     = {Process logic with regular formulas},
  journal   = {Theoreti. Comp. Sci.},
  volume    = {38},
  number    = {2--3},
  year      = {1985},
  pages     = {307--322}
}

@article{HS82,
  author    = {D. Harel and R. Sherman},
  title     = {Looping vs. repeating in dynamic logic},
  journal   = {Inf. Comput.},
  volume    = {55},
  number    = {1--3},
  year      = {1982},
  pages     = {175--192}
}
@book{AO06,
         author = "K. Apt and E.R. Olderog",
         title = " Verification of Sequential and Concurrent Programs",
         publisher = "Springer",
         year = 2006
}
@book{BRV02,
         author = "P. Blackburn and M. {de Rijke} and Y. Venema",
         title = "Modal Logic",
         publisher = "Cambridge University Press",
         year = 2002
        }
@inproceedings{AKS83,
  author    = {S. Aggarwal and R.P. Kurshan and D. Sharma},
  title     = {A Language for the Specification and Analysis of Protocols},
  booktitle = {Proc. 3rd Int'l Workshop on
               Protocol Specification, Testing, and Verification},
  publisher = {North-Holland},
  year      = {1983},
  pages     = {35--50}
}
@inproceedings{AK84,
  author    = {S. Aggarwal and R.P. Kurshan},
  title     = {Automated Implementation from Formal Specification.},
  year      = {1984},
  pages     = {127--136},
  booktitle     = {Proc. 4th Int'l Workshop on Protocol Specification, 
                   Testing and Verification},
  publisher = {North-Holland}
}

@article{EVW02,
  author    = {K. Etessami and M.Y. Vardi and T. Wilke},
  title     = {First-Order Logic with Two Variables and Unary Temporal
               Logic},
  journal   = {Inf. Comput.},
  volume    = {179},
  number    = {2},
  year      = {2002},
  pages     = {279--295}
}
@book{Pri67,
         author = "A. Prior",
         title = "Past, Present, and Future",
         publisher = "Clarendon Press",
         year = 1967
        }

@article{BEW58,
    author={J.R. B{\"u}chi and C.C. Elgot and J.B. Wright},
    title={The non-existence of certain algorithms for finite automata
           theory (Abstract)},
    journal = {Notices Amer. Math. Soc.},
    volume = {5},
    year = 1958,
    pages = {98}
}

@inproceedings{Kur07,
  author    = {R.P. Kurshan},
  title     = {Verification Technology Transfer},
  booktitle         = {Proc.~2006 Workshop on 25 Years of Model Checking},
  series    = {Lecture Notes in Conmputer Science},
  publisher = {Springer},
  year      = {2007}
}
@techreport{Mey80,
  author    = {A.R. Meyer},
  title     = {Ten Thousand and One Logics of Programming''},
  institution   = {MIT},
  note         = {MIT-LCS-TM-150},
  year      = {1980}
}


@article{Kri59,
    author={S. Kripke},
    title={A completeness theorem in modal logic},
    journal = {Journal of Symbolic Logic},
    volume = {24},
    year = 1959,
    pages = {1--14}
}

@article{Pri52,
  author    = {A.N. Prior},
  title     = {Modality de dicto and modality de re},
  journal   = {Theoria},
  volume    = {18},
  year      = {1952},
  pages     = {174--180}
}

@article{Pri56,
  author    = {A.N. Prior},
  title     = {Modality and quantification in S5},
  journal   = {J. Symbolic Logic},
  volume    = {21},
  year      = {1956},
  pages     = {60--62}
}

@book{OH95,
 author =  "P. {\O}hrstr{\o}m and P.F.V. Hasle",
 title =   "Temporal Logic: from Ancient Times to Artificial Intelligence",
 series = "Studies in Linguistics and Philosophy, vol. 57",
 publisher =   "Kluwer",
 year =       1995
}
@phdthesis{Sto74,
    author={L.J. Stockmeyer},
    title={The complexity of decision procedures in Automata
           Theory and Logic},
    school={MIT},
    note = {Project MAC Technical Report TR-133},
    year=1974
}
@article{Tra58,
  author    = {B. Trakhtenbrot},
  title     = {The synthesis of logical nets whose operators are 
               described in terms of one-place predicate calculus},
  journal   = {Doklady Akad. Nauk SSSR},
  volume    = {118},
  number    = {4},
  year      = {1958},
  pages     = {646--649}
}
@article{Tra61,
  author    = {B. Trakhtenbrot},
  title     = {Certain constructions in the logic of one-place predicates},
  journal   = {Doklady Akad. Nauk SSSR},
  volume    = {138},
  year      = {1961},
  pages     = {320--321}
}

10c1238,2261
          author =        "A. Church",
          title =         "Applicaton of recursive arithmetics to the
                           problem of circuit synthesis",
          booktitle       = "Summaries of Talks Presented at The Summer
                             Institute for Symbolic Logic",
          publisher = "Communications Research Division,
                       Institute for Defense Analysis",
          pages           = "3--50",
          year            = 1957
-
        author =        "A. Church",
        title =         "Applicaton of recursive arithmetics to the
                         problem of circuit synthesis",
        booktitle       = "Summaries of Talks Presented at The Summer
                           Institute for Symbolic Logic",
        publisher = "Communications Research Division, 
                     Institute for Defense Analysis",
        pages           = "3--50",
        year            = 1957
}

@inproceedings{LNMS03,
  author    = {K. Leyton-Brown and E. Nudelman and G. Andrew
              and J. McFadden and Y. Shoham},
  title     = {A Portfolio Approach to Algorithm Selection},
  booktitle = {Proc. 18th Int'l Joint Conf. on Artificial
               Intelligence},
  year      = {2003},
  pages     = {1542--1543}
}

@inproceedings{Tho99,
  author    = {W. Thomas},
  title     = {Complementation of {B\"uchi} Automata Revised},
  booktitle = {Jewels are Forever},
  year      = {1999},
  pages     = {109--120},
  editor    = {J. Karhum{\"a}ki and
               H. A. Maurer and
               G. Paun and
               G. Rozenberg},
  publisher = {Springer}
}

@article{Pec86,
  author    = {J.P. P{\'e}cuchet},
  title     = {On the Complementation of B{\"u}chi Automata},
  journal   = {Theor. Comput. Sci.},
  volume    = {47},
  number    = {3},
  year      = {1986},
  pages     = {95--98}
}

@article{CGH97,
  author    = {E. M. Clarke and O. Grumberg and K. Hamaguchi},
  title     = {Another Look at {LTL} Model Checking},
  journal   = {Formal Methods in System Design},
  volume    = {10},
  number    = {1},
  year      = {1997},
  pages     = {47--71}
}

@inproceedings{SRB02,
  author    = {F. Somenzi and K. Ravi and R. Bloem},
  title     = {Analysis of Symbolic SCC Hull Algorithms.},
  year      = {2002},
  pages     = {88--105},
  booktitle     = {Proc. 4th Int'l Conf. on Formal Methods in 
                  Computer-Aided Design},
  publisher = {Springer},
  series    = {Lecture Notes in Computer Science},
  volume    = {2517}
}

@Inproceedings{BL89,
  author =       "J. L. Balc\'{a}zar and A. Lozano",
  title =        "The complexity of graph problems for succinctly
                  represented graphs",
  series =       "Lecture Notes in Computer Science 411",
  pages =        "277--285",
  booktitle =    "Proc. Graph-Theoretic Concepts in Computer Science",
  year =         1989,
  publisher =    "Springer"
}


@inproceedings{BBC05,
  author = {J. Barnat and L. Brim and I. Cerna},
  title = {Cluster-based {LTL} model checking of large systems},
  booktitle = {Proc. 4th Int'l Symp. on Formal Methods for
               Components and Objects},
  pages = {259--279},
  year = {2006},
  volume = {4111},
  series = {Lecture Notes in Computer Science},
  publisher = {Springer},
}

@inproceedings{CDP05,
  author = {J.M. Couvreur and A. {Duret-Lutz} and D. Poitrenaud},
title = {On-the-Fly Emptiness Checks for Generalized {B\"u}chi Automata},
booktitle = {Proc. 12th Int'l SPIN Workshop on Model Checking of Software},
  pages = {143--158},
  year = {2005},
  volume = {3639},
  series = {Lecture Notes in Computer Science},
  publisher = {Springer},
}

@article{Tau06,
    author = {Heikki Tauriainen},
    journal = {Fundamenta Informaticae},
    number = {1--2},
    pages = {127--154},
   title = {Nested Emptiness Search for Generalized {B}\"uchi Automata},
    volume = {70},
    year = {2006}
}

@inproceedings{HPY96,
  author    = {G.J. Holzmann and D. Peled and M. Yannakakis},
 title     = {On Nested Depth-First Search},
  booktitle     = {Proc. 2nd Spin Workshop on The Spin Verification 
                  System},
  publisher = {American Math. Soc.},
  year      = {1996},
  pages     = {23--32}
}

@inproceedings{GH93,
  author    = {P. Godefroid and G.J. Holzmann},
 title     = {On the verification of temporal properties},
  booktitle     = {Proc. 13th Int. Conf on Protocol
                  Specification Testing and Verification},
  year      = {1993},
  pages     = {109--124}
}

@inproceedings{AKTVZ06,
  author    = {R. Armoni and D. Korchemny and A. Tiemeyer and 
               M.Y. Vardi Y. Zbar},
  title   = {Deterministic Dynamic Monitors for Linear-Time Assertions},
  booktitle     = {Proc. Workshop on Formal Approaches to Testing and
               Runtime Verification},
  publisher = {Springer},
  series    = {Lecture Notes in Computer Science},
  volume    = {4262},
  year      = {2006}
}

@inproceedings{LBHJ05,
  author    = {T. Latvala and A. Biere and
               K. Heljanko and T. A. Junttila},
  title     = {Simple Is Better: Efficient Bounded Model
               Checking for Past {LTL}},
  booktitle     = {Proc. 6th Int'l Conf. on Verification, Model Checking, 
               and Abstract Interpretation},
  publisher = {Springer},
  series    = {Lecture Notes in Computer Science},
  volume    = {3385},
  year      = {2005},
  pages     = {380-395}
}


@inproceedings{CRS04,
  author    = {A. Cimatti and M. Roveri and D. Sheridan},
  title     = {Bounded Verification of Past {LTL}},
  booktitle     = {Proc. 5th Int'l Conf. on Formal Methods in 
                   Computer-Aided Design},
  publisher = {Springer},
  series    = {Lecture Notes in Computer Science},
  volume    = {3312},
  year      = {2004},
  pages     = {245-259},
}


@techreport{BFH05,
  author    = {D. Bustan  and D. Fisman and John Havlicek},
  title     = {Automata construction for PSL},
  institution   = {The Weizmann Institute of Science},
  note         = {Technical Report MCS05-04},
  year      = {May 2005}
}

@inproceedings{CRST06,
  author    = {A. Cimatti and M. Roveri and S. Semprini and S. Tonetta},
  title     = {From PSL to NBA: A Modular Symbolic Encoding},
  booktitle     = {Proc. 6th Int'l Conf. on Formal Methods in
                   Computer-Aided design},
  year      = {2006}
}

@inproceedings{DP04,
  author    = {A. Duret-Lutz and D. Poitrenaud},
  title     = {{SPOT}: An Extensible Model Checking Library Using 
               Transition-Based Generalized B{\"u}chi Automata},
  booktitle     = {Proc. 12th Int'l Workshop on Modeling, Analysis, and 
                   Simulation of Computer and Telecommunication Systems},
  publisher = {IEEE Computer Society},
  year      = {2004},
  pages     = {76-83}
}

@inproceedings{CTYK03,
author    = {K.H. Chang and W.T. Tu and Y.J. Yeh and S.Y, Kuo},
  title     = {A simulation-based temporal assertion checker for {PSL}},
  booktitle     = {Proc. 46th IEEE Int'l Midwest Stmp. on Circuits and 
                   Systems},
  year      = {2003},
  publisher = {IEEE Computer Society},
  pages     = {1528-1531}
}

@techreport{McM99,
  author    = {K. {McMillan}},
  title     = {The {SMV} Language},
  institution   = {Cadence Berkeley Lab},
  year      = {1999}
}

@techreport{PKMF05,
  author    = {D. Pidan and S. {Keider-Barner} and M. Moulin and D. Fisman},
  title     = {Optimized Algorithms for Dynamic Verification},
  institution   = {PROSYD},
  number    = {FP6-IST-507219},
  year      = {2005}
}

@book{BCHN05,
 author =  "J. Bergeron and E. Cerny and A. Hunter and A.  Nightingale",
  title =   "Verification Methodology Manual for SystemVerilog",
  publisher =   "Springer",
  year =       2005
}

@inproceedings{GG05,
author    = {S.V. Gheorghita and R. Grigore},
  title     = {Constructing Checkers from {PSL} Properties},
  booktitle     = {Proc. 15th Int'l Conf. on Control Systems and 
                  Computer Science , Vol. 2},
  city = {Bucharest},
  year      = {2005},
  pages     = {757-762}
}
@inproceedings{BZ05,
author    = {M. Boule and Z. Zilic},
  title     = {Incorporating Efficient Assertion Checkers into Hardware
               Emulation},
  booktitle     = {Proc. 23rd Int'l Conf. on Computer Design},
  publisher = {IEEE Computer Society},
  year      = {2005},
  pages     = {221-228},
}


@techreport{PSL04,
  author    = {K. {Albin et al.}},
  title     = {Property {S}pecification {L}anguage {R}eference {M}anual},
  institution   = {Accellera},
  number    = {Version 1.1},
  year      = {2004}
}

@inproceedings{RMTJJ04,
  author    = {V. Rusu and
               H. Marchand and
               V. Tschaen and
               T. J{\'e}ron and
               B. Jeannet},
  title     = {From Safety Verification to Safety Testing},
  booktitle     = {Proc. 16th IFIP Int'l Conf. on Testing of Communicating 
                   Systems},
  publisher = {Springer},
  series    = {Lecture Notes in Computer Science},
  volume    = {2978},
  year      = {2004},
  pages     = {160-176}
}


@inproceedings{SRA03,
  author    = {K. Sen and G. Rosu and G. Agha},
  title    = {Generating Optimal Linear Temporal Logic Monitors by Coinduction},
  booktitle     = {Proc. 8th Asian Computing Science Conf.},
  publisher = {Springer},
  series    = {Lecture Notes in Computer Science},
  volume    = {2896},
  year      = {2003},
  pages     = {260-275}
}

@article{Gei01,
  author    = {M. Geilen},
  title     = {On the Construction of Monitors for Temporal Logic Properties},
  journal   = {Electr. Notes Theor. Comput. Sci.},
  volume    = {55},
  number    = {2},
  year      = {2001}
}

@article{FiSi01,
  author    = {B. Finkbeiner and H. Sipma},
  title     = {Checking Finite Traces using Alternating Automata},
  journal   = {Electr. Notes Theor. Comput. Sci.},
  volume    = {55},
  number    = {2},
  year      = {2001}
}

@inproceedings{BGHS04a,
  author    = {H. Barringer and
               A. Goldberg and
               K. Havelund and
               K. Sen},
  title     = {Program Monitoring with {LTL} in {EAGLE}},
  booktitle     = {Proc. 18th Int'l Parallel and Distributed Processing Symp.},
  publisher = {IEEE Computer Society},
  year      = {2004}
}

@inproceedings{dR05,
  author    = {M. {d'Amorim} and G. Rosu},
  title     = {Efficient Monitoring of omega-Languages},
  booktitle     = {Proc. 17th Int'l Conf. on Computer Aided Verification},
  publisher = {Springer},
  series    = {Lecture Notes in Computer Science},
  volume    = {3576},
  year      = {2005},
  pages     = {364-378}
}

@inproceedings{EFHLMV03,
  author    = "C. Eisner and D. Fisman and J. Havlicek and Y. Lustig and
               A. McIsaac and D. {Van Campenhout}",
  title     = "Reasoning with Temporal Logic on Truncated Paths",
  booktitle     = "Proc. 15th Int'l Conf. on Computer Aided Verification",
  publisher = "Springer",
  series    = "Lecture Notes in Computer Science",
  volume    = "2725",
  year      = "2003",
  pages     = "27--39"
}

@inproceedings{HRKR00,
  author    = {D.W. Hoffmann and J. Ruf and T. Kropf and W. Rosenstiel},
  title     = {Simulation Meets Verification: Checking Temporal Properties
               in {SystemC}},
  booktitle     = {Proc. 26th EUROMICRO 2000 Conference},
  publisher = {IEEE Computer Society},
  year      = {2000},
  pages     = {1435}
}

@book{BF01,
    author      =   "L. Bening and H. Foster",
    title       =   "Principles of verifiable {RTL} design -- a
                  functional coding style supporting verification
                  processes",
    publisher   =   "Springer",
    year        =   "2001"
}

@book{Coh03,
    author = "B. Cohen",
    title = "Using PSL/Sugar with Verilog and VHDL, Guide to Property
             Specification Language for ABV ",
    publisher = "Addison-Wesley",
    year = 2003
}

@article{CaSe90,
  author    = {J. Carmo and
               A. Sernadas},
  title     = {Branching vs Linear Logics Yet Again},
  journal   = {Formal Aspects of Computing},
  volume    = {2},
  year      = {1990},
  pages     = {24--59},
}

@book{Hol03,
    author = "G.J. Holzmann",
    title = "The SPIN Model Checker: Primer and Reference Manual",
    publisher = "Addison-Wesley",
    year = 2003
}
@inproceedings{YS01,
  author    = {J. Yang and
               C.J.H. Seger},
  title     = {Introduction to Generalized Symbolic Trajectory Evaluation},
  booktitle     = {Proc. 19th International Conference on Computer Design},
  publisher = {IEEE Computer Society},
  year      = {2001},
  pages     = {360-367}
}



@inproceedings{GKMFV03,
  author    = {M. Glusman and
               G. Kamhi and
               S. Mador-Haim and
               R. Fraer and
               M.Y. Vardi},
  title     = {Multiple-Counterexample Guided Iterative Abstraction 
               Refinement: An Industrial Evaluation},
  booktitle     = {Proc. 9th Int'l Conf. on Tools and Algorithms for the
               Construction and Analysis of Systems},
  publisher = {Springer},
  series    = {Lecture Notes in Computer Science},
  volume    = {2619},
  year      = {2003},
  pages     = {176-191},
}


@inproceedings{BD94,
  author    = {J.R. Burch and
               D.L. Dill},
  title  = {Automatic verification of Pipelined Microprocessor Control},
  booktitle    = {Proc. 6th Int'l Conf. on Computer Aided Verification},
  publisher = {Springer},
  series    = {Lecture Notes in Computer Science},
  volume    = {818},
  year      = {1994},
  pages     = {68-80}
}

@article{JSD02,
  author    = {R.B. Jones and
               J.U. Skakkeb{\ae}k and
               D.L. Dill},
  title     = {Formal Verification of Out-of-Order Execution with 
               Incremental Flushing},
  journal   = {Formal Methods in System Design},
  volume    = {20},
  number    = {2},
  year      = {2002},
  pages     = {139-158},
}

@inproceedings{PV04b,
  author    = {G. Pan and
               M.Y. Vardi},
  title     = {Symbolic Decision Procedures for {QBF}},
  booktitle     = {Proc. 10th Int'l Conf. on Principles and Practice of 
              Constraint Programming},
  publisher = {Springer},
  series    = {Lecture Notes in Computer Science},
  volume    = {3258},
  year      = {2004},
  pages     = {453-467},
}

@inproceedings{FPV05,
  author    = {A. Ferrara and
               G. Pan and
               M. Y. Vardi},
  title     = {Treewidth in Verification: Local vs. Global},
  booktitle     = {Proc. 12th Int'l Conf. Logic for Programming, 
                   Artificial Intelligence, and Reasoning},
  publisher = {Springer},
  series    = {Lecture Notes in Computer Science},
  volume    = {3835},
  year      = {2005},
  pages     = {489-503}
}

@inproceedings{PV04a,
  author    = {G. Pan and
               M.Y. Vardi},
  title    = {Search vs. Symbolic Techniques in Satisfiability Solving},
booktitle     = {Proc. 7th Int'l Conf. on Theory and Applications of 
                Satisfiability Testing (2004)},
  publisher = {Springer},
  series    = {Lecture Notes in Computer Science},
  volume    = {3542},
  year      = {2005},
  pages     = {235--250}
}

@inproceedings{BRCJRRS05,
  author    = {M. Bozzano and
               R. Bruttomesso and
               A. Cimatti and
               T.A. Junttila and
               S. Ranise and
               {P. van} Rossum and
               R. Sebastiani},
  title     = {Efficient Satisfiability Modulo Theories via
               Delayed Theory Combination},
booktitle     = {Proc. 17th Int'l Conf. on Computer Aided Verification},
  publisher = {Springer},
  series    = {Lecture Notes in Computer Science},
  volume    = {3576},
  year      = {2005},
  pages     = {335-349}
}

@inproceedings{NO05,
  author    = {R. Nieuwenhuis and
               A. Oliveras},
  title     = {Decision Procedures for SAT, SAT Modulo Theories, and 
               Beyond: The BarcelogicTools},
  booktitle     = {Proc. 12th Int'l Conf. on Logic for Programming, 
                  Artificial Intelligence, and Reasoning},
  publisher = {Springer},
  series    = {Lecture Notes in Computer Science},
  volume    = {3835},
  year      = {2005},
  pages     = {23-46}
}

@inproceedings{BMS05,
      author= "C. Barrett and {L. de} Moura and A. Stump",
      title={{SMT-COMP: Satisfiability Modulo Theories Competition}},
      booktitle="Proc. 17th Int'l Conf. on Computer Aided Verification",
      series    = {Lecture Notes in Computer Science},
      volume    = {3576},
      pages={20--23},
      publisher="Springer",
      year="2005"
}

@inproceedings{JRKR00,
  author    = {D.W. Hoffmann and
               J. Ruf and
               T. Kropf and
               W. Rosenstiel},
  title     = {Simulation Meets Verification: Checking Temporal
               Properties in {SystemC}},
  booktitle     = {Proc. 26th EUROMICRO Conf},
  publisher = {IEEE Computer Society},
  year      = {2000},
  pages     = {1435}
}

@inproceedings{Pel03,
  author    = {D. Peled},
  title     = {Model Checking and Testing Combined},
  booktitle     = {Proc. 30th Int'l Colloq. on Automata, Languages and 
                   Programming},
  publisher = {Springer},
  series    = {Lecture Notes in Computer Science},
  volume    = {2719},
  year      = {2003},
  pages     = {47-63}
}

@inproceedings{GH99,
  author    = {A. Gargantini and
               C.L. Heitmeyer},
  title     = {Using Model Checking to Generate Tests from Requirements
               Specifications},
  booktitle     = {Proc. 7th European on Software Engineering Conf.},
  publisher = {Springer},
  series    = {Lecture Notes in Computer Science},
  volume    = {1687},
  year      = {1999},
  pages     = {146-162}
}

@inproceedings{HJM05,
  author    = {T. A. Henzinger and
               R. Jhala and
               R. Majumdar},
  title     = {The BLAST Software Verification System.},
  booktitle     = {Proc. 12th Int'l SPIN Workshop on Model Checking 
                  Software},
  publisher = {Springer},
  series    = {Lecture Notes in Computer Science},
  volume    = {3639},
  year      = {2005},
  pages     = {25-26}
}

@article{OL82,
    author      =  "S. Owicki and L. Lamport",
    title       =  "Proving Liveness Properties of Concurrent Programs",
    journal     =  "ACM Trans. on Programming Languages and Systems",
    volume      =   "4",
    number      =   "3",
    pages       =   "455-495",
    year        =   "1982"
}

@inproceedings{FM95,
  author    = {M. Faloutsos and M. Molle},
  title     = {Optimal Distributed Algorithm for Minimum Spanning Trees
               Revisited},
  booktitle = {Proc. 14th ACM Symp. on Principles of Distributed
               Computing},
  year      = {1995},
  pages     = {231-237}
}

@inproceedings{Awe87,
  author    = {B. Awerbuch},
  title     = {Optimal Distributed Algorithms for Minimum
  Weight Spanning Tree, Counting, Leader Election and Related Problems},
  booktitle = {Proc. 19th ACM Symp. on Theory of Computing},
  year      = {1987},
  pages     = {230-240}
}

@inproceedings{FG98,
  author    = {K. Fisler and C. Girault},
  title     = {Modelling and Model Checking a Distributed Shared Memory
               Consistency Protocol},
  booktitle = {Proc. 19th Int'l Conf. on Application and Theory of 
               Petri Nets},
  publisher = {Springer},
  series    = {Lecture Notes in Computer Science},
  volume    = {1420},
  year      = {1998},
  pages     = {84-103}
}

@Inproceedings{Ben02,
  author =   "B. Bentley",
  title =  "High level validation of next-generation microprocessors",
  booktitle =    "Proc. IEEE Int'l Workshop on High Level Design
                  Validation and Test",
   pages =    "31--35",
  year =     "2002"
}

@book{BBFLPPS01,
    author = "B. Berard and M. Bidoit and A. Finkel and 
               F. Laroussinie and A. Petit and L. Petrucci 
               and Ph. Schnoebelen",
    title = "Systems and Software Verification:
             Model-Checking Techniques and Tools",
   publisher = "Springer",
    year = 2001
}

@article{GBRJ05,
    author      =  "R.M. Gott and J.R. Baumgartner and P. Roessler and
                   S.I. Joe",
    title       =  "Functional formal verification on designs of 
                  pSeries microprocessors and communication subsystems",
    journal     =  "IBM J. of Research and Development",
    volume      =   "49",
    number      =   "4-5",
    year        =   "2005"
}

@book{Gro02,
    author = "T. Grotker",
    title = "System Design with SystemC",
   publisher = "Kluwer",
    year = 2002
}

@article{BG87,
    title      =  "The reliability of voting mechanisms",
    author       =  "D. Barbara and H. {Garcia-Molina}",
   journal     =  "IEEE Trans. on Computers",
    volume      =   "36",
    number      =   "10",
    pages       =   "1197-1208",
    year        =   "1987"
}

@article{JM90,
    title      =  "Dynamic voting algorithms for maintaining the 
                   consistency of a replicated database",
    author       =  "S. Jajodia and D. Mutchler",
   journal     =  "ACM Trans. on Database Systems",
    volume      =   "15",
    number      =   "2",
    pages       =   "230-280",
    year        =   "1990"
}

@book{Vyt93,
    author = "J .Vytopil",
  title = "Formal techniques in real-time and fault-tolerant systems",
   publisher = "Kluwer",
    year = 1993
}

@article{ORSv95,
    author    =  "S. Owre and J.M. Rushby N. Shankar and F. {von Henke}",
    title       =  "Formal Verification for Fault-Tolerant 
               Architectures: Prolegomena to the Design of {PVS}",
   journal     =  "IEEE Trans. on Software Engineering",
    volume      =   "21",
    number      =   "2",
    year        =   "1995",
    pages       =   "107-125"
}

@inproceedings{Rus02,
  author    = {J M. Rushby},
  title     = {An Overview of Formal Verification for the Time-Triggered
              Architecture},
  booktitle     = {Proc. 7th Int'l Symp. on Formal Techniques in Real-Time 
                   and Fault-Tolerant Systems},
  publisher = {Springer},
  series    = {Lecture Notes in Computer Science},
  volume    = {2469},
  year      = {2002},
  pages     = {83-106}
}

@inproceedings{SRSF04,
  author    = {W. Steiner and J.M. Rushby and M. Sorea and H. Pfeifer},
  title     = {Model Checking a Fault-Tolerant Startup Algorithm: From
               Design Exploration To Exhaustive Fault Simulation},
  booktitle     = {Proc. Int'l Conf. on Dependable Systems and Networks},
  publisher = {IEEE Computer Society},
  year      = {2004},
  pages     = {189-198}
}

@inproceedings{McM01,
  author    = {K. L. McMillan},
  title     = {Parameterized Verification of the FLASH Cache Coherence
               Protocol by Compositional Model Checking},
  booktitle     = {Proc. 11th IFIP Conf. on Correct Hardware Design and 
                   Verification Methods},
  publisher = {Springer},
  series    = {Lecture Notes in Computer Science},
  volume    = {2144},
  year      = {2001},
  pages     = {179-195}
}

@inproceedings{NPKS04,
author    = {G. Norman and D. Parker and M. Z. Kwiatkowska 
             and S.K. Shukla},
title     = {Evaluating the Reliability of Defect-Tolerant Architectures
               for Nanotechnology with Probabilistic Model Checking.},
  booktitle     = {Proc. 17th  Int'l Conf. on VLSI Design },
  publisher = {IEEE Computer Society},
  year      = {2004},
  pages     = {907}
}

@book{GR93,
    author = "J. Gray and A. Reuter",
    title = "Transaction Processing : Concepts and Techniques ",
   publisher = "Morgan Kaufmann",
    year = 1993
}

@inproceedings{RKH05,
  author =    {H. Tuch and G. Klein and G. Heiser},
  title =     {OS Verification --- Now!},
  booktitle = {Proc. 10th Workshop on Hot Topics in Operating Systems 
  (HotOS X)},
  year =      {2005},
  editor =    {Margo Seltzer}
}

@article{ME03,
    title      =  "Some Lessons from Using Static
                Analysis and Software Model Checking for Bug Finding",
    author       =  "M. Musuvathi and D.R. Engler",
   journal     =  "Electr. Notes Theor. Comput. Sci. ",
    volume      =   "89",
    number      =   "3",
    year        =   "2003"
}

@inproceedings{CdHS03,
  author    = {A. Chakrabarti and
               L. {de Alfaro} and
               T. A. Henzinger and
               M. Stoelinga},
  title     = {Resource Interfaces},
  booktitle     = {Proc. 3rd Int'l Conf. on Embedded Software},
  publisher = {Springer},
  series    = {Lecture Notes in Computer Science},
  volume    = {2855},
  year      = {2003},
  pages     = {117-133}
}

@inproceedings{CdHM02,
  author    = {A. Chakrabarti and
               L. {de Alfaro} and
               T.A. Henzinger and
               F.Y.C. Mang},
  title     = {Synchronous and Bidirectional Component Interfaces.},
  booktitle     = {14th Int'l Conf. on Computer Aided Verification},
  publisher = {Springer},
  series    = {Lecture Notes in Computer Science},
  volume    = {2404},
  year      = {2002},
  pages     = {414-427}
}

@book{GM93,
    author = "M.J.C. Gordon and T.F. Melham",
    title = "Introduction to HOL: a theorem proving environment for 
             higher order logic",
   publisher = "Cambridge University Press",
   year = 1993
}

@inproceedings{ORS92,
  author    = {S. Owre and J.M. Rushby and N. Shankar},
  title     = {PVS: A Prototype Verification System},
  booktitle     = {Proc. 11th Int'l Conf. on Automated Deduction},
  publisher = {Springer},
  series    = {Lecture Notes in Computer Science},
  volume    = {607},
  year      = {1992},
  pages     = {748-752}
}

@inproceedings{CBD04,
  author    = {J. Chang and
               S. Berezin and
               D. L. Dill},
  title     = {Using Interface Refinement to Integrate Formal 
               Verification into the Design Cycle},
booktitle    = {Proc. 16th Int'l Conf. on Computer Aided Verification}, 
  publisher = {Springer},
  series    = {Lecture Notes in Computer Science},
  volume    = {3114},
  year      = {2004},
  pages     = {122-134}
}

@inproceedings{SECH98,
  author    = {F. Schneider and
               S.M. Easterbrook and
               J.R. Callahan and
               G.J. Holzmann},
  title     = {Validating Requirements for Fault Tolerant Systems using
               Model Checking},
  booktitle     = {Proc. 3rd Int'l Conf. on Requirements Engineering},
  publisher = {IEEE Computer Society},
  year      = {1998},
  pages     = {4-13}
}

@inproceedings{Dil96,
  author    = {D.L. Dill},
  title     = {The Mur{\it phi} Verification System},
  booktitle = {Proc. 8th Int'l Conf. on Computer Aided Verification},
  publisher = {Springer},
  series    = {Lecture Notes in Computer Science},
  volume    = {1102},
  year      = {1996},
  pages     = {390-393}
}

@inproceedings{BMv98,
    author = "A. Basu and J.G. Morrisett and T. {von Eicken}",
    title = "Promela++: A Language for Constructing Correct and
            Efficient Protocols",
    booktitle = "{INFOCOM} (2)",
    pages = "455-462",
    year = "1998"
}

@inproceedings{DDHY92,
  author    = {D.L. Dill and
               A.J. Drexler and
               A.J. Hu and
               C.H. Yang},
  title     = {Protocol Verification as a Hardware Design Aid},
  booktitle     = {Proc. IEEE Int'l Conf. on Computer Design: 
                  VLSI in Computer {\&} Processors},
  publisher = {IEEE Computer Society},
  year      = {1992},
  pages     = {522-525}
}

@inproceedings{AEFMMSSTVZ05,
  author    = {T. Arons and
               E. Elster and
               L. Fix and
               S. {Mador-Haim} and
               M. Mishaeli and
               J. Shalev and
               E. Singerman and
               A. Tiemeyer and
               M.Y. Vardi and
               L.D. Zuck},
  title     = {Formal Verification of Backward Compatibility of Microcode},
  booktitle     = {Proc. 17th Int'l Conf. on Computer Aided Verification},
  publisher = {Springer},
  series    = {Lecture Notes in Computer Science},
  volume    = {3576},
  year      = {2005},
  pages     = {185-198}
}

@inproceedings{Fri05,
  author    = {C. Fritz},
  title     = {Concepts of Automata Construction from {LTL}},
  booktitle     = {Proc. 12th Int'l Conf. on Logic for Programming, 
                   Artificial Intelligence, and Reasoning},
  series    = {Lecture Notes in Computer Science 3835},
  publisher = {Springer},
  year      = {2005},
  pages     = {728-742}
}

@inproceedings{JGB05,
  author    = {B. Jobstmann and A. Griesmayer and R. Bloem},
  title     = {Program Repair as a Game},
  booktitle = {Proc. 17th Int'l Conf. on Computer Aided Verification},
  series    = {Lecture Notes in Computer Science 3576},
  publisher = {Springer},
  year      = {2005},
  pages     = {226-238},
}


@article{DH01,
    author = "W. Damm and D. Harel",
    title = "{LSCs}: Breathing Life into Message Sequence Charts",
    journal = "Formal Methods in System Design",
    volume = "19",
    number = "1",
    pages = "45-80",
    year = "2001"
}

@inproceedings{AY99,
  author    = {R. Alur and M. Yannakakis},
  title     = {Model Checking of Message Sequence Charts},
  booktitle     = {Proc. 10th Int'l Conf. on Concurrency Theory}, 
  series    = {Lecture Notes in Computer Science 1664},
  publisher = {Springer},
  year      = {1999},
  pages     = {114-129}
}

@book{CE00,
    author = "K. Czarnecki and U. Eisenecker",
    title = " Generative Programming: Methods, Tools, and Applications",
    publisher = "ACM Press",
    year = 2000
}

@inproceedings{KMJ02,
  author    = {S. Khurshid and D. Marinov and D. Jackson},
  title     = {An analyzable annotation language},
  booktitle = {Proc. ACM SIGPLAN Conference on Object-Oriented
               Programming Systems, Languages and Applications},
  series =    {ACM SIGPLAN Notices 37(11)},
  year      = {2002},
  pages     = {231-245}
}

@article{Kla99,
  author    = {N. Klarlund},
  title     = {An $n\log n$ Algorithm for Online {BDD} Refinement.},
  journal   = {J. Algorithms},
  volume    = {32},
  number    = {2},
  year      = {1999},
  pages     = {133-154}
}

@InCollection{Hop71,
  author = {J.E. Hopcroft},
  title = {An $n$ log $n$ algorithm for minimizing the states in a
           finite automaton},
  booktitle = {The Theory of Machines and Computations},
  year = {1971},
  editor = {Z. Kohavi},
  publisher = {Academic Press},
  pages = {189--196}
}

@inproceedings{AEFKV05,
  author    = {R. Armoni and S. Egorov and R. Fraer and D. Korchemny 
               and M.Y. Vardi},
  title     = {Efficient {LTL} compilation for {SAT}-based model checking},
  booktitle = {Proc. Int'l Conf. on Computer-Aided Design},
  year      = {2005},
  pages     = {877-884}
}

@inproceedings{Mar05,
  author    = "W. Marrero",
  title     = "Using {BDDs} to Decide CTL",
  booktitle = "Proc. 11th Int'l Conf. on Tools and Algorithms for the
              Construction and Analysis of Systems",
  series    = "Lecture Notes in Computer Science 3440",
  publisher = "Springer",
  year      = "2005",
  pages     = "222-236"
}

@book{CL99,
    author = "C.G. Cassandras and S. Lafortune",
    title = "Introduction to Discrete Event Dynamic Systems",
    publisher = "Springer",
    year = "1999"
}

@article{AL04,
  author    = "R. Alur and S. {La Torre}",
  title     = "Deterministic generators and games for {LTL} fragments",
  journal   = "ACM Trans. Comput. Log.",
  volume    = 5,
  number    = 1,
  year      = 2004,
  pages     = "1-25"
}

@article{FJL01,
  author    = {C. Flanagan and R. Joshi and K.R.M. Leino},
  title     = {Annotation inference for modular checkers},
  journal   = {Inf. Process. Lett.},
  volume    = {77},
  number    = {2-4},
  year      = {2001},
  pages     = {97-108}
}

@article{HSW01,
  author    = {J. Hromkovic and S. Seibert and T. Wilke},
  title     = {Translating Regular Expressions into Small $\varepsilon$-Free
               Nondeterministic Finite Automata},
  journal   = {J. Comput. Syst. Sci.},
  volume    = {62},
  number    = {4},
  year      = {2001},
  pages     = {565-588}
}

@article{Pat05,
  author    = {D.A. Patterson},
  title     = {President's letter: 20th century vs. 21st century C\&C:
               the {SPUR} manifesto},
  journal   = {Comm. ACM},
  volume    = {48},
  number    = {3},
  year      = {2005},
  pages     = {15-16}
}


@inproceedings{YKNP04,
  author    = {H.L.S. Younes and M. Z. Kwiatkowska and G. Norman and
               D. Parker},
  title     = {Numerical vs. Statistical Probabilistic Model Checking:
               An Empirical Study.},
  booktitle = {TACAS},
  year      = {2004}
}


@inproceedings{KNP04,
  author    = {Ma. Z. Kwiatkowska and G. Norman and D. Parker},
  title     = {PRISM 2.0: A Tool for Probabilistic Model Checking},
  booktitle = {QEST},
  year      = {2004},
  pages     = {322-323}
}


article{CG00,
  author    = {L. Cardelli and A. D. Gordon},
  title     = {Mobile ambients.},
  journal   = {Theor. Comput. Sci.},
  volume    = {240},
  number    = {1},
  year      = {2000},
  pages     = {177-213}
}

@article{CABBMNR98, 
  author    = {W. Chan and R.J. Anderson and P. Beame and
               S. Burns and F. Modugno and D. Notkin and J.D. Reese},
  title     = {Model Checking Large Software Specifications.},
  journal   = {IEEE Trans. Software Eng.},
  volume    = {24},
  number    = {7},
  year      = {1998},
  pages     = {498-520}
}


@inproceedings{JVB03,
  author    = {R. M. Jensen and
               M.M. Veloso and
               R. E. Bryant},
  title     = {Guided Symbolic Universal Planning.},
  booktitle = {Proc. 13th Int'l Conf. on Automated Planning and Scheduling},
  publisher = {AAAI},
  year      = {2003},
  pages     = {123-132}
}

@inproceedings{PV03a,
  author    = {M. Pistore and M.Y. Vardi},
  title     = {The Planning Spectrum - One, Two, Three, Infinity.},
  booktitle = {Proc. 18th IEEE Symp. on Logic in Computer Science},
  year      = {2003},
  pages     = {234-243},
}

@inproceedings{Peo92,
  author =       "M. Peot and D. Smith",
  year =         1992,
  title =        "Conditional nonlinear planning",
  booktitle =    "Proc. of 1st Int. Conf. on AI
                  Planning Systems (AIPS'92)",
  publisher =    "Morgan Kaufmann Publisher",
  pages =        "189--197"
}

@inproceedings{CM98,
  author =       "S. Cerrito and M.C. Mayer.",
  title =        "Bounded model search in linear temporal logic and
                  its application to planning",
  year =         1998,
  publisher =    "Springer",
  booktitle =    "Proc. of 2nd Int. Conf. on Analytic Tableaux and
                  Related Methods (TABLEAUX'98)",
  series =       "LNAI",
  volume =       1397,
  pages =        "124-140"
}

@inproceedings{BCPRT01,
  author    = {P. Bertoli and A. Cimatti and M. Pistore and M. Roveri 
              and P. Traverso},
 title     = {MBP: a Model Based Planner},
  booktitle = {Proc. IJCAI-2001 workshop on Planning under Uncertainty 
                and Incomplete Information},
  year      = {2001}
}

@inproceedings{CCGGPRST02,
  author    = {A. Cimatti and E.M. Clarke and E. Giunchiglia and
               F. Giunchiglia and M. Pistore and M. Roveri and
               R. Sebastiani and A. Tacchella},
 title     = {{NuSMV} 2: An OpenSource Tool for Symbolic Model Checking.},
  booktitle = {Computer Aided Verification},
  publisher = {Springer},
  series    = {Lecture Notes in Computer Science 2404},
  year      = {2002},
  pages     = {359-364}
}
@article{CR00,
  author    = {A. Cimatti and M. Roveri},
  title     = {Conformant Planning via Symbolic Model Checking.},
  journal   = {J. Artif. Intell. Res. (JAIR)},
  volume    = {13},
  year      = {2000},
  pages     = {305-338}
}

@Inproceedings{Scho87,
  author = {M. Schoppers},
  title  = {Universal Plan for Reactive Robots in Unpredictable 
            Environments},
  year   = 1987,
  booktitle = "Proc.\ Int.\ Joint Conf.\ on Artificial Intelligence"
}

@article{CRB04,
  author    = {A. Cimatti and M. Roveri and P. Bertoli},
  title     = {Conformant planning via symbolic model checking and 
               heuristic search},
  journal   = {Artif. Intell.},
  volume    = {159},
  number    = {1-2},
  year      = {2004},
  pages     = {127-206}
}


@inproceedings{KV05,
  author    = {O. Kupferman and M.Y. Vardi},
  title     = {Complementation Constructions for
               Nondeterministic Automata on Infinite Words},
  year      = {2005},
  booktitle =  {Proc. 11th International Conference on Tools and
               Algorithms for the Construction and Analysis of Systems},
  publisher = {Springer},
  series    = {Lecture Notes in Computer Science 3440},
  pages     = {206-221}
}

@inproceedings{Back92,
author = "C. Backstrom",
title = "Equivalence and Tractability Results for {SAS+} Planning",
booktitle = "KR-92",
year = 1992
}

@Article{FiNi71,
  author =       "R. Fikes and N.J. Nilsson",
  title =        "A New Approach to the Application of Theorem Proving to 
                  Problem Solving",
  journal =      "Artificial Intelligence J.",
  year =         1971,
  volume =       2,
  number =       "3/4"
}

@InProceedings{KaMS96,
  author =       "H. Kautz and D. McAllester and B. Selman",
  title =        "Encoding plans in propositional logic",
  booktitle =    "KR-96",
  year =         1996
}

@Article{BlFu97,
  author =       "A. Blum and M. Furst",
  title =        "Fast planning through planning graph analysis",
  journal =      "Artificial Intelligence J.",
  year =         1997,
  volume =       90,
  number =       "1-2",
  pages =        "281-300"
}


@InProceedings{WeEt94,
  author =       "D.S. Weld and O. Etzioni",
  title =        "The First Law of Robotics (A Call to Arms)",
  booktitle =    "AAAI-94",
  year =         1994,
  pages =        "1042--1047"
}

@inproceedings{SE05,
  author    = {S. Schwoon and J. Esparza},
  title     = {A Note on On-the-Fly Verification Algorithms},
  year      = {2005},
  booktitle =  {Proc. 11th Int'l Conf. on Tools and
                Algorithms for the Construction and Analysis of Systems},
  publisher = {Springer},
  series    = {Lecture Notes in Computer Science 3440},
  pages     = {174-190}
}

@inproceedings{GV04,
  author    = {J. Geldenhuys and A. Valmari},
  title     = {Tarjan's Algorithm Makes On-the-Fly {LTL} Verification More
              Efficient},
  booktitle =  {Proc. 10th Int'l Conf. on Tools and
                Algorithms for the Construction and Analysis of Systems},
  publisher = {Springer},
  series    = {Lecture Notes in Computer Science 2988},
  year      = {2004},
  pages     = {205-219}

}



@article{Cho95,
  author    = {J. Chomicki},
  title     = {Efficient Checking of Temporal Integrity Constraints Using
               Bounded History Encoding.},
  journal   = {ACM Trans. Database Syst.},
  volume    = {20},
  number    = {2},
  year      = {1995},
  pages     = {149-186}
}

@inproceedings{KS99,
  author    = {H.A. Kautz and B. Selman},
  title     = {Unifying SAT-based and Graph-based Planning.},
  booktitle = {Proc. 16th Int'l Joint Conf. on Artificial Intelligence},
  publisher = {Morgan Kaufmann},
  year      = {1999},
  pages     = {318-325}
}


@inproceedings{ACGPT01,
  author    = {L.C. Aiello and A. Cesta and E. Giunchiglia and 
               M. Pistore and P. Traverso},
  title     = {Planning and Verification Techniques for the High Level 
              Programming and Monitoring of Autonomous Robotic Devices},
  booktitle = {Proc. ESA Workshop on On-Board Autonomy},
  publisher = {ESA Press},
  year      = {2001}
}

@inproceedings{PV03,
  author    = {G. Pan and U. Sattler and M.Y. Vardi},
  title     = {Optimizing a {BDD}-Based Modal Solver},
  booktitle = {Proc. 19th Int'l Conf. on Automated Deduction},
  publisher = {Springer},
  series    = {Lecture Notes in Computer Science 2741},
  year      = {2003},
  pages     = {75-89},
}

@inproceedings{PSV02,
  author    = {G. Pan and U. Sattler and M.Y. Vardi},
  title     = {{BDD}-Based Decision Procedures for K},
  booktitle = {Proc. 18th Int'l Conf. on Automated Deduction},
  publisher = {Springer},
  series    = {Lecture Notes in Computer Science 2392},
  year      = {2002},
  pages     = {16-30},
}


@inproceedings{STV05,
  author    = {R. Sebastiani and S. Tonetta and M.Y.  Vardi},
  title     = {Symbolic Systems, Explicit Properties: on Hybrid 
               Approaches for {LTL} Symbolic Model Checking},
  booktitle = {Proc. 17th Int'l Conf. on Computer Aided Verification},
  series    = {Lecture Notes in Computer Science 3576},
  publisher = {Springer},
  year      = {2005},
  pages     = {350-373}
}



@article{Thi02,
  author    = {X. Thirioux},
  title     = {Simple and Efficient Translation from {LTL} Formulas to 
               {B\"uchi} Automata},
  journal   = {Electr. Notes Theor. Comput. Sci.},
  volume    = {66},
  number    = {2},
  year      = {2002}
}

@inproceedings{GL02,
  author    = {D. Giannakopoulou and
               F. Lerda},
  title     = {From States to Transitions: Improving Translation of {LTL}
               Formulae to B{\"u}chi Automata.},
  booktitle = {Proc. 22nd IFIP Int'l Conf. on Formal Techniques for Networked 
               and Distributed Systems},
  year      = {2002},
  pages     = {308-326}
}


 
@inproceedings{Cou99,
  author    = {J-M. Couvreur},
  title     = {On-the-Fly Verification of Linear Temporal Logic},
  booktitle = {Proc. World Congress on Formal Methods},
  year      = {1999},
  pages     = {253-271}
}

@INPROCEEDINGS{PH99,
  AUTHOR = {P.F. Patel-Schneider and I. Horrocks},
  TITLE = {{DLP} and {FaCT}},
  PAGES = {19--23},
  booktitle = {Proc. Int'l Conf. on Automated Reasoning with Analytic Tableaux 
               and Related Methods},
  year = 1999,
  series =       "Lecture Notes in Computer Science 1617",
  publisher =    "Springer"
}


@inproceedings{SSTV04,
  author    = {R. Sebastiani and E. Singerman and S. Tonetta and M.Y. Vardi},
  title     = {{GSTE} Is Partitioned Model Checking.},
  booktitle = {Proc. 16th Int'l Conf. on Computer Aided Verification},
  series    = {Lecture Notes in Computer Science 3114},
  year      = {2004},
  pages     = {229-241},
}


@inproceedings{DPT02,
  author    = {U. {Dal Lago} and M. Pistore and P. Traverso},
  title     = {Planning with a Language for Extended Goals},
  booktitle = {Proc. 18th Nat'l Conf. on Artificial Intelligence and 14th 
               Conf. on Innovative Applications of Artificial Intelligence},
  year      = {2002},
  pages     = {447-454},
}


@inproceedings{PT01,
        author      =   "M. Pistore and P. Traverso",
        title       =   "Planning as Model Checking for Extended
                         Goals in Non-deterministic Domains",
       booktitle= "Proc. 17th Int'l Joint Conf. on 
                   Artificial Intelligence",
        publisher = "Morgan Kaufmann",
        year        =   "2001",
        pages       = "479--486"
}
@inproceedings{War76,
        author      =   "D.H.D. Warren",
        title       =   "Generating conditional plans and programs",
       booktitle= "Proc. Summer Conf. on AI and Simulation of behavior",
        year        =   "1976"
}


@incollection{FL05,
    author = "M. Fox and D. Long",
    title = "Time in Planning",
booktitle = "Handbook of Temporal Reasoning in Artificial Intelligence",
    publisher = "Elsevier",
    editor = "M. Fisher and D. Gabbay and L. Vila",
    year = 2005
}

@book{FGV05,
    author = "M. Fisher and D. Gabbay and L. Vila",
    title = "Handbook of Temporal Reasoning in Artificial Intelligence",
    publisher = "Elsevier",
    year = 2005
}

@Article{KBS97,
  author =       "F. Kabanza and M. Barbeau and R. {St-Denis}", 
  title =        "Planning control rules for reactive agents",
  journal =      "AI J.",
  year =         1997,
  volume =       95,
  number =       "1",
  pages =        "67--113"
}
@inproceedings{KDH00,
        author      =   "J. Kvarnstr{\"o} and P. Doherty and P. Haslum",
        title       =   "Extending TALplanner with Concurrency and 
                          Resources",
       booktitle=" Proc. 6th European Conf. on Artificial Intelligence",
       publisher   =   "IOS Press",
       year        =   "2000",
       pages     = "501--505"
}

@inproceedings{GT99,
        author      =   "F. Giunchiglia and P. Traverso",
        title       =   "Planning as Model Checking",
       booktitle  =    " Proc. 5th European Conf. on Planning",
        publisher   =   "Springer",
        series     = "Lecture Notes in AI 1809",
        year        =   "1999",
        pages     = "1--20",
}


@book{RN02,
    author = "S.J. Russell and P. Norvig",
    title = "Artificial Intelligence: A Modern Approach (2nd Ed.)",
    publisher = "Prentice Hall",
    year = 2002
}

@unpublished{Yan05,
        author =        "Q. Yan",
        title       =   "Lower Bounds for Complementation of $omega$-Automata 
                        via the Full Automata Technique",
        year        =   "2005",
        note        =   "Shanghai Jiao Tong University"
}

@phdthesis{Shi02,
    author={K. Shinizu},
    title={Writing, verifying, and exploiting formal specifications in
           hardware design},
    school={Stanford University},
    year=2002
}

@article{CGL94,
    author = "E.M. Clarke and O. Grumberg and D.E. Long",
    title = "Model Checking and Abstraction",
    journal = "ACM Transactions on Programming Languages and Systems",
    volume = "16",
    number = "5",
    month = "September",
    publisher = "ACM Press",
    pages = "1512--1542",
    year = "1994"
}
@book{GR93,
    author = "J. Gray and A. Reuter",
    title = "Transaction Processing: Concepts and Techniques",
    publisher = "Morgan Kaufmann",
    year = 1993
}
@article{CN95,
  AUTHOR = "J. Chomicki and D. Niwinski",
TITLE = "On the Feasibility of Checking Temporal Integrity Constraints",
  JOURNAL = "J. Comput. Syst. Sci.",
  VOLUME = "51(3)",
  YEAR = 1995,
  PAGES = "523--535"
 }
@book{HC96,
    author = {G.E. Hughes and M.J. Cresswell},
    title = {A New Introduction to Modal Logic},
    publisher = {Routledge},
    address = {London},
    year = 1996
}
@inproceedings{FV10,
  author    = {S. Fogarty and M.Y. Vardi},
  title     = {Efficient B{\"u}chi Universality Checking},
  year      = {2010},
  pages     = {205--220},
  booktitle     = {Proc. 16th Int'l Conf. on Tools and Algorithms for the 
                   Construction and Analysis of Systems}, 
  publisher = {Springer},
  series    = {Lecture Notes in Computer Science},
  volume    = {6015}
}

@article{AVDY00,
  AUTHOR = "S. Abiteboul and V. Vianu and B.S. Fordham and Y. Yesha",
  TITLE = "Relational Transducers for Electronic Commerce",
  JOURNAL = "J. Comput. Syst. Sci.",
  VOLUME = "61(2)",
  YEAR = 2000,
  PAGES = "236--269"
 }

@article{AMP00,
  AUTHOR = "R. Alur and K.L. McMillan and D. Peled",
  TITLE = "Model-Checking of Correctness Conditions for Concurrent 
           Objects",
  JOURNAL = "Information and Computation",
  VOLUME = "160(1-2)",
  YEAR = 2000,
  PAGES = "167--188"
 }

@InProceedings{BKP91,
  author =   "D. Peled and S. Katz and A. Pnueli",
  title =    "Specifying and Proving Serializability in Temporal Logic",
  booktitle =    "Proc. 6th IEEE Symp. on Logic in Computer Science",
  pages =    "232--244",
  year =     "1991"
}

@book{BHG87,
    author = "P.A. Bernstein, V. Hadzilacos, N. Goodman",
    title = "Concurrency Control and Recovery in Database Systems",
    publisher = "Addison-Wesley",
    year = 1987
}
@article{Nev02a,
  AUTHOR = "F. Neven",
  TITLE = "Automata Theory for XML Researchers",
  JOURNAL = "SIGMOD Record",
  VOLUME = "31(3)",
  YEAR = 2002,
  PAGES = "39--46"
 }
@InProceedings{Var89b,
  author =   "M.Y. Vardi",
  title =    "Automata theory for database theoreticians",
  booktitle =    "Proc. 8th ACM Symp. on Principles of Database Systems",
  pages =    "83--92",
  year =     "1989"
}

@InProceedings{AEY01,
  author =   "R. Alur and K. Etessami and M. Yannakakis", 
  title =    "Analysis of Recursive State Machines",
 booktitle =    "Proc. 13th Int'l Conf. on Computer Aided Verification",
  pages =    "207--220",
  year =     "2001",
  volume =   "2102",
  series =   "Lecture Notes in Computer Science",
  publisher = "Springer",
}

@incollection{BCMS01,
       author = "O. Burkart and D. Caucal and F. Moller and B. Steffen",
        title =         "Verification over Infinite States",
        booktitle =     "Handbook of Process Algebra",
        editor    =     "J. Bergstra and A. Ponse and S.A. Smolka",
        year =          "2001",
        publisher   =   "Elsevier",
        pages    =      "545--623"
}


@article{Spi03,
  AUTHOR = "M. Spielmann",
  TITLE = "Verification of relational transducers for electronic 
           commerce",
  JOURNAL = "J. Comput. Syst. Sci.",
  VOLUME = "66",
  YEAR = 2003,
  PAGES = "40--65"
 }

@InProceedings{HBCS03,
  author =   "R. Hull and M. Benedikt and V. Christophides and J.  Su",
  title =    "E-services: a look behind the curtain",
  booktitle =  "Proc. 22rd ACM Symp. on Principles of Database 
                  Systems",
  pages =    "1--14",
  year =     "2003",
}

@InProceedings{DSV04,
  author =   "A. Deutsch and L. Sui and V. Vianu",
  title =    "Specification and Verification of Data-driven Web Services",
  booktitle =    "Proc. 23rd ACM Symp. on Principles of Database 
                  Systems",
  pages =    "71--82",
  year =     "2004",
}

@InProceedings{FTL02,
  author =   "R. Armoni and L. Fix and A. Flaisher and R. Gerth
                  and B. Ginsburg  and T. Kanza and A. Landver and
                  S. Mador-Haim  and E. Singerman and A. Tiemeyer and
                  M.Y. Vardi and Y. Zbar",
  title =    "The {ForSpec} Temporal Logic: A New Temporal
                  Property-Specification Logic",
  booktitle =    "Proc. 8th International Conference on Tools and
                  Algorithms for the Construction and Analysis of
                  Systems",
  pages =    "296--211",
  year =     "2002",
  series =   "Lecture Notes in Computer Science 2280",
  publisher = "Springer",
}

@article{Don65,
  AUTHOR = "Doner, J. E.",
  TITLE = "Decidability of the weak second-order theory of two
           successors",
  JOURNAL = "Notices Amer. Math. Soc.",
  VOLUME = "12",
  YEAR = 1965,
  PAGES = "819"
 }

@inproceedings{AGMO04,
        author      =   "S. Abramsky and D.R. Ghica and A.S.  Murawski 
                         and C.H.L. Ong",
        title       =   "Applying games semantics to
                      compositional software modeling and verification",
        booktitle  =    "Proc. 10th Int'l Conf. on Tools and Algorithms
                         for the Construction and Analysis of Systems",
        publisher   =   "Springer",
        series     = "Lecture Notes in Computer Science 2988",
        year        =   "2004",
        pages     = "421--435",
}

@inproceedings{Obd03,
        author      =   "J. Obdrz\'alek",
        title       =   "Fast Mu-Calculus Model Checking when 
                         Tree-Width Is Bounded",
        booktitle  =    "Computer Aided Verification, Proc. 15th 
                         International Conference",
        publisher   =   "Springer",
        year        =   "2003",
        pages     = "90--92"
}

@inproceedings{FR80,
  author          = "N. Francez and M. Rodeh",
  title           = "A Distributed Data Type Implemented by
                   Probabilistic Communication Scheme",
  booktitle       = "Proc. 21st IEEE Symp. on Foundations of
                   Computer Science",
  pages           = "373--379", 
  year            = 1980 
}

@proceedings{CLP83,
  editor    = {Josep D\'{\i}az},
  author    = {S. Cohen, D.J. Lehmann, A. Pnueli},
  title     = {Symmetric and Economical Solutions to the Mutual Exclusion
               Problem in a Distributed System },
  booktitle = {10th Int. Colloquium on Automata Languages and Programming
              (ICALP)},
  publisher = {Springer},
  series    = {Lecture Notes in Computer Science 154},
  year      = {1983},
  pages     = {128-136},
}

@InProceedings{Rab80,
  author =       "M. O. Rabin",
  title =        "N-process synchronization by 4 \cdot log_2 N-valued
                  shared variables",
  booktitle =    "Proc. 21st IEEE Symp. on Foundations of Computer Science",
  year =         "1980",
  pages =        "407--410",
}
@proceedings{HS83,
  editor    = {Josep D\'{\i}az},
  author    = {S. Hart, M. Sharir},
  title     = {Concurrent Probabilistic Program, or: How to Schedule if
              You Must},
  booktitle = {Proc. 10th Int'l Collo. on Automata Languages and 
              Programming (ICALP)},
  publisher = {Springer},
  series    = {Lecture Notes in Computer Science 154},
  year      = {1983},
  pages     = {356--380}
}
@inproceedings{LR81,
 author = {D. Lehmann and M. O. Rabin},
 title = {On the andvantages of free choice: a symmetric and fully
         distributed solution to the dining philosophers problem},
 booktitle = {Proc. 8th ACM Symp. on Principles of programming languages},
 year = {1981},
 pages = {133--138},
}
@inproceedings{CL89,
    author =    "A. Condon and R.J. Lipton",
    title =     "On the complexity of space bounded interactive proofs ",
    booktitle =     "Proc. 30th IEEE Symp. on Foundations of Computer Science",
    pages   =   "462--467",
    year =      1989
}
@inproceedings{MHC99,
       author="O. Madani and S. Hanks and A. Condon",
       title="On the Undecidability of Probabilistic Planning and
       Infinite-Horizon Partially Observable Markov Decision Problems",
       booktitle = "Proc. of the 16 National Conf. on Artificial Intelligence",
       pages = "541-548",
       year = "1999"
}
@book{Mor94,
    author = {C. Morgan},
    title = {Programming from Specifications},
    publisher = {Prentice Hall},
    year = 1994
}
@inproceedings{SV01a,
    author = "A. {San Miguel Aguirre} and M.Y. Vardi",
    title = "Random 3-{SAT} and {BDD}s -- The Plot Thickens Further",
    booktitle = "Proc. Conf. on Principles and Practice of Constraint 
                 Programming",
    series = "Lecture Notes in Computer Science 2239",
    publisher = "Springer",
    year = "2001",
    pages = "121--136"
}
@inproceedings{TVKS08,
  author    = {D. Tabakov and M.Y. Vardi and G. Kamhi and E. Singerman},
  title     = {A Temporal Language for {SystemC}},
  year      = {2008},
  pages     = {1--9},
  booktitle     = {Proc. 8th Conf. on Formal Methods in Computer-Aided 
                   Design},
  publisher = {IEEE}
}
@inproceedings{Kol03,
        author      =   "P.G. Kolaitis",
        title       =   "Constraint Satisfaction, Databases, and Logic",
        booktitle  =    "Proc. 18th Int'l Joint Conference
                         on Artificial Intelligence",
        year        =   "2003",
        pages       = "1587-1595"
}
@book{Dec03,
    author = {R. Dechter},
    title = {Constraint Processing},
    publisher = {Morgan Kaufmman},
    year = 2003
}
@inproceedings{AFFGPV03,
        author      =   "R. Armoni and L. Fix and A. Flaisher and
                         O. Grumberg and N. Piterman and M.Y.  Vardi",
        title       =   "Enhanced Vacuity Detection for Linear 
                         Temporal Logic",
        booktitle  =    "Computer Aided Verification, Proc. 15th 
                         International Conference",
        publisher   =   "Springer",
        year        =   "2003",
        pages        =   "368--380"
}

@Article{BK98,
  author =       "F. Bacchus and F. Kabanza",
  title =        "Planning for Temporally Extended Goals",
  journal =      "Ann. of Mathematics and Artificial Intelligence",
  year =         1998,
  volume =       22,
  pages =        "5--27"
}

@InProceedings{CDV02,
  author =       "D. Calvanese and G. {De Giacomo} and M.Y. Vardi",
  title =        "Reasoning about actions and planning in {LTL} action 
                  theories",
  booktitle =    "Principles of 
                   Knowledge Representation and Reasoning", 
  year =         2002,
  publisher =    "Morgan Kaufmann",
  pages =        "593--602",
}

@InProceedings{DV99,
  author =       "G. {De Giacomo} and M.Y. Vardi",
  title =        "Automata-Theoretic Approach to Planning for Temporally
                 Extended Goals",
  booktitle =    "Proc. European Conf. on Planning",
  series =       "Lecture Notes in AI 1809",
  year =         1999,
  publisher =    "Springer",
  pages =        "226--238"
}
@article{CR00,
author = "A. Cimatti and M. Roveri", 
title = "Conformant Planning via Symbolic Model Checking",
journal = "J. of AI Research",
volume = 13,
pages = "305--338",
year = 2000
}
@inproceedings{KS92,
author = "H. Kautz and B. Selman",
title = "Planning as satisfiability",
booktitle = "Proc. European Conference on Artificial Intelligence",
pages = "359--379",
year = "1992"
}

@inproceedings{SV01,
    author = "U. Sattler and M.Y. Vardi",
    title =   "The Hybrid $\mu$-Calculus",
    booktitle = "Proc.  1st Int'l Joint Conf. on
                 Automated Reasoning",
    editor    = "R. Gor{\'e} and A. Leitsch and T. Nipkow",
    series    = "Lecture Notes in Computer Science 2083",
    publisher = "Springer",
    pages = "76-91",
    year = "2001"
}

@book{AHV95,
    author = {S. Abiteboul and R. Hull and V. Vianu},
    title = {Foundations of databases},
    publisher = {Addison-Wesley},
    year = 1995
}
@book{Pou93,
  author = {W. Poundstone},
  title = {Prisoner's Dilemma},
  publisher = {Doubleday},
  year = 1993
}
@inproceedings{PY94,
  author    = {C.H. Papadimitriou and M. Yannakakis},
  title     = {On complexity as bounded rationality (extended abstract)},
  booktitle = {Proc.\ 26th ACM Symp. on Theory of Computing},
  year      = {1994},
  pages     = {726-733}
}
@book{vB83,
    author = {J.~F.~A.~K.~{van} Benthem},
    title = {Modal Logic and Classical Logic},
    publisher = {Bibliopolis},
    address = {Naples},
    year = 1983
}

@article{BDGHMPS97,
author = "R. Bahar and E. Frohm and C. Gaona and G. Hachtel
          and E. Macii and A. Pardo and F. Somenzi",
title = "Algebraic decision diagrams and their applications",
journal = "Journal of Formal Methods in Systems Design",
volume = 10,
number = "2/3",
pages = "171--206",
year = 1997
}

@inproceedings{McM02,
        author      =   "K.L. McMillan",
        title       =   "Applying {SAT} Methods in Unbounded Symbolic Model 
                         Checking",
        booktitle  =    "Computer Aided Verification, Proc. 14th International
                         Conference",
        series      =   "Lecture Notes in Computer Science",
        volume      =   "2404",
        pages       =   "250--264",
        publisher   =   "Springer",
        year        =   "2002"
}

@inproceedings{AM99,
    author = "E. Asarin and O. Maler",
    title =   "As Soon as Possible: Time Optimal Control for 
               Timed Automata",
    booktitle = "Proc. 2nd Int'l Workshop on Hybrid Systems:
                Computation and Control",
    editor    = "F.W. Vaandrager and J.H. van Schuppen",
    series    = "Lecture Notes in Computer Science 1569",
    publisher = "Springer",
    pages = "19-30",
    year = "1999"
}
@inproceedings{DAC02,
    author = "D.L. Dill and N. James and S. Rawat and G. Berry
              and L. Fix and H. Foster and R.K. Ranjan and
              G. St\.{a}lmarck and C. Widdoes",
  title ="Formal verification methods: getting around the brick wall",
    booktitle = "Proc. Design Automation Conference",
    pages = "576-577",
    year = "2002"
}
      304-320
@inproceedings{MF98,
    author = "S. Mador-Haim and L. Fix",
    title = "Input Elimination and Abstraction in Model Checking",
    booktitle = "Proc. 2nd Int'l Conf. on Formal Methods in
                 Computer-Aided Design",
    editor = "F. Gopalakrishnan and P.J. Windley",
    pages = "304-320",
    year = "1998"
}

@article{FHV92,
    author = {R. Fagin and J.~Y. Halpern and M.~Y. Vardi},
    title = {What can machines know?  {O}n the properties of knowledge
        in distributed systems},
    journal = {J. ACM},
    volume = 39,
    year = 1992,
    pages = {328--376}
}

@inproceedings{DG97,
    author = "T. Dean and R. Givan",
    title = "Model Minimization in Markov Decision Processes",
    booktitle = "{AAAI}/{IAAI}",
    pages = "106-111",
    year = "1997"
}
@inproceedings{AT01,
    author    = "R. Alur and S. La Torre",
       title = "Deterministic Generators and Games for {LTL} Fragments",
        booktitle   =   "Proc. 16th IEEE Symp. on
                         Logic in Computer Science",
        pages       =   "291--302",
        year        =   "2001",
}

@inproceedings{MV98,
    author    = "R. {van der Meyden} and M.Y. Vardi",
        title     = "Synthesis from knowledge-based specifications",
        booktitle   =   "Proc. 9th Conference on Concurrency Theory",
        series      =   "Lecture Notes in Computer Science 1466",
        publisher   =   "Springer",
        pages       =   "34--39",
        address     =   "Nice",
        month       =   "September",
        year        =   "1998"
}

@inproceedings{BR01,
        author = "T. Ball and S.K. Rajamani",
        title = "Automatically Validating Temporal Safety Properties 
                of Interfaces",  
        booktitle ="Proc. 8th Int'l SPIN Workshop",
        series = "Lecture Notes in Computer Science 2057",
        publisher   =   "Springer",
        year =          2001
}

@inproceedings{LW02,
  AUTHOR    = {K. Lye and
                and J.M. Wing},
  TITLE     = { Game Strategies in Network Security },
  BOOKTITLE = {Proc. Foundations of Computer Security Workshop 2002},
  YEAR      = {2002}
}
@article{NSV03,
    author = "F. Neven and T. Schwentick and V. Vianu",
    title ="Finite State Machines for Strings over Infinite Alphabets",
    journal = " ACM Tran. on Computational Logic",
    year = 2003,
    note = "To appear"
}

@article{KF94,
    author = "M. Kaminski and N. Franzes",
    title = "Finite-Memory Automata",
    journal = "Theoret. Comput. Sci.",
    volume = "134",
    pages = "329--363",
    year = 1994
}

@incollection{Aum87,
        author =        "R.J. Aumann",
        title =         "Game Theory",
        booktitle =     "The New Palgrave Game Theory",
        editor    =     "J. Eatwell, M. Milgate and P.  Newman",
        year =          "1987", 
        publisher   =   "Macmillan",
        pages    =      "1--53"
}
@book{Kre91,
  author = "D.M. Kreps",
  title = "Game Theory and Economic Modelling",
  publisher   =   "Oxford Univ. Press",
  year  = 1991
}
@book{MN53,
  author = "O. Morgenstern and J. {von Neumann}",
  title = "Theory of games and economic behavior",
  publisher   =   "Princeton Univ. Press",
  year  = 1953
}
@book{Shu85,
  author = "M. Shubik",
  title = "Game Theory in the Social Sciences",
  publisher   =   "MIT Press",
  year  = 1985
}

@article{Ben02v,
    author = "J. {van Benthem}",
    title = "Extensive Games as Process Models",
    journal = "Journal of Logic, Language and Information",
    volume = "11",
    pages = "289--313",
    year = 2002
}

@inproceedings{EES90,
        author = "E.A. Emerson and M, Evangelist and J. Srinivasan",
        title = "On the Limits of Efficient Temporal Decidability",
        booktitle ="Proc. 5th IEEE Symp. on Logic in Computer Science",
        year =          1990,
        pages =         "464--475"
}

@article{ESS92,
    author = "E.A. Emerson and T. Sadler and J. Srinivasan",
    title = "Efficient Temporal Satisfiability",
    journal = "Journal of Logic and Computation",
    volume = "2",
    pages = "173--210",
    year = 1992
}

@article{Mos95,
    author = "Y.N. Moschovakis",
    title = "Computable concurrent processes",
    journal = "Theoret. Comput. Sci.",
    volume = "139",
    pages = "243--273",
    year = 1995
}

@article{AE98,
    author = "P.C. Attie and E.A. Emerson",
    title = "Synthesis of concurrent systems with many similar processes",
    journal = "ACM Tran. on Programming Languages and Systems",
    volume = "20",
    pages = "51--115",
    year = 1998
}
@incollection{HS97,
        author =        "J. Hintikka and G. Sandu",
        title =         "Game-theoretical Semantics",
        booktitle =     "Handbook of Logic and Language",
        editor    =     "J. van Benthem and A. ter Meulen",
        year =          "1997",
        publisher   =   "Elsevier"
}

@book{GTW02,
  author = "E. Gr{\"a}del and W. Thomas and T. Wilke",
  title = "Automata, Logics, and Infinite Games: 
           A Guide to Current Research",
  series = "Lecture Notes in Computer Science 2500",
  publisher   =   "Springer",
  year  = 2002
}

@inproceedings{PS98,
        author = "P. Stevens and C. Stirling",
        title = "Practical Model-Checking Using Games",
        booktitle = "Proc. 18th Int'l Conf. Tools and Algorithms for 
                              Construction and Analysis of Systems",
        publisher   =   "Springer",
        series = "Lecture Notes in Computer Science 1384",
        editor = "B. Steffen",
        year =          1998,
        pages =         "85--101"
}
@book{MK99,
        author     =   "J. McGee and J. Kramer",
        title      =   "Concurrency: State Models and Java Programs",
        publisher  =   "Wiley",
        year       =   "1999"
}


@inproceedings{ABCKS02,
        author = "G. Audemard and P. Bertoli and A. Cimatti and 
                A. Korniowicz and R. Sebastiani",
        title = "A {SAT}-Based Approach for Solving Formulas over 
                {Boolean} and Linear Mathematical Propositions",
        booktitle = "Proc. 18th Int'l Conf. on Automated Deduction
                     (CADE'02)",
        publisher   =   "Springer",
        series = " Lecture Notes in Computer Science 2392",
        editor = "A. Voronkov",
        year =          2002,
        pages =         "195--210"
}

@article{CW96,
    author = "E.M. Clarke and J.M. Wing",
    title = "Formal Methods: State of the Art and Future Directions",
    journal = "ACM Computing Surveys",
    volume = "28",
    pages = "626--643",
    year = 1996
}

@inproceedings{ZM02,
        author = "L. Zhang and S. Malik",
        title = "The Quest for Efficient {Boolean} Satisfiability Solvers",
        booktitle = "Proc. 18th Int'l Conf. on Automated Deduction
                     (CADE'02)",
        publisher   =   "Springer",
        series = " Lecture Notes in Computer Science 2392",
        editor = "A. Voronkov",
        year =          2002,
        pages =         "295--313"
}
@inproceedings{MRS02,
        author = "L.M. de Moura and H. Ruess and M. Sorea",
        title = "Lazy Theorem Proving for Bounded Model Checking 
                 over Infinite Domains",
        booktitle = "Proc. 18th Int'l Conf. on Automated Deduction
                     (CADE'02)",
        publisher   =   "Springer",
        series = " Lecture Notes in Computer Science 2392",
        editor = "A. Voronkov",
        year =          2002,
        pages =         "438--455"
}
@inproceedings{WCZK01,
        author = "D. Wang and E.M. Clarke and Y. Zhu and J. Kukula",
        title = "Using Cutwidth to Improve Symbolic Simulation and 
                {Boolean} Satisfiability",
        booktitle = "Proc. IEEE Int'l on High Level Design 
                     Validation and Test Workshop (HLDVT'01)",
        publisher   =   "IEEE Computer Society",
        year =          2001
}
@inproceedings{DKV02,
        author = "V. Dalmau and P.G. Kolaitis and M.Y. Vardi",
        title = "Constraint Satisfaction, Bounded Treewidth, 
                  and Finite-Variable Logics",
        booktitle = "Proc. 8th Int'l Conf. on Constraint
                     Programming (CP'02)",
        publisher   =   "Springer",
        series = " Lecture Notes in Computer Science 2470",
        editor = "P. Van Hentenryck",
        year =          2002,
        pages =         "310--326"
}
@inproceedings{KMS96,
        author = "H.A. Kautz and D.A. McAllester and B. Selman",
        title = "Encoding Plans in Propositional Logic",
        booktitle = "Proc. 5th Int'l Conf. on Principles of Knowledge 
                     Representation and Reasoning (KR'96)",
        publisher   =   "Morgan Kaufmann",
        editor = "L.C. Aiello and J. Doyle and S.C. Shapiro",
        year =          1996,
        pages =         "374--384"
}
@inproceedings{MS00,
        author = "C. Meinel and C. Stangier",
        title = "Speeding Up Image Computation by Using {RTL}
                  Information",
        booktitle = "3rd Int'l Conf. on Formal Methods in 
                     Computer-Aided Design (FMCAD'00)",
        publisher   =   "Springer",
        series = " Lecture Notes in Computer Science 1954",
        editor = "W.A. Hunt and S.D. Johnson",
        year =          2000,
        pages =         "443--454"
}
@inproceedings{MS01,
        author = "C. Meinel and C. Stangier",
        title = "Hierarchical Image Computation with Dynamic 
                 Conjunction Scheduling",
        booktitle = "Proc. IEEE Int'l Conf. On Computer Design 
                     (ICCD'01)",
        publisher   =   "IEEE Computer Society",
        year =          2001,
        pages =         "354--359"
}
@inproceedings{MS02,
        author = "C. Meinel and C. Stangier",
        title = "Dynamic Conjunction Scheduling in Image Computation",
        booktitle =     "Proc. 11th IEEE/ACM Int'l Workshop on Logic and
                         Synthesis (IWLS'02)",
        publisher   =   "IEEE Computer Society",
        year =          2002,
        pages =         "391--396"
}
@inproceedings{Edw02,
        author = "S.A. Edwards",
        title = "High-Level Synthesis from the Synchronous Language 
                 {Esterel}",
        booktitle =     "Proc. 11th IEEE/ACM Int'l Workshop on Logic and
                         Synthesis (IWLS'02)",
        publisher   =   "IEEE Computer Society",
        year =          "2002",
        pages =         "401--406"
}

@inproceedings{Var99,
    author = "M.Y. Vardi",
    title = "Probabilistic Linear-Time Model Checking: An Overview of
             the Automata-Theoretic Approach",
    booktitle = "Proc. 5th Int'l Workshop on Formal Methods for Real-Time and
                 Probabilistic Systems",
    series = "Lecture Notes in Computer Science 1601",
    editor = "J.P. Katoen",
    publisher = "Springer",
    pages = "265--276",
    year = "1999"
}

@inproceedings{HW02,
    author = "W. {van der Hoek} and M. Woolridge",
    title = "Tractable Multiagent Planning for Epistemic Goals",
    booktitle = "Proc. 1st Int'l Conf. on Autonomous Agents and 
                 Multiagent Systems (AAMAS-02)",
    year = "2002"
}
@inproceedings{AJS99,
    author = "M. Aagaard and R.B. Jones and C.J. H. Seger",
    title = "Lifted-{FL}: A Pragmatic Implementation of Combined Model
            Checking and Theorem Proving",
    booktitle = "Theorem Proving in Higher Order Logics",
    series = "Lecture Notes in Computer Science",
    volume = "1690",
    publisher = "Springer",
    pages = "323-340",
    year = "1999"
}
@inproceedings{KMMP93,
    author = "Y. Kesten and Z. Manna and H. McGuire and A. Pnueli",
    title = "A Decision Algorithm for Full Propositional Temporal Logic",
    booktitle = "Proc. 5th Conf. on Computer Aided Verification",
    publisher = "Springer",
    series = " Lecture Notes in Computer Science",
    volume = "697",
    editor = "C. Courcoubeti",
    pages = "97--109",
    year = "1993"
}
@incollection{CS01,
        author =        "E.M. Clarke and H. Schlingloff",
        title =         "Model Checking",
        booktitle =     "Handbook of Automated Reasoning",
        editor    =     "A. Robinson and A. Voronkov",
        year =          "2001",
        publisher   =   "MIT Press",
        pages       =   "1635--1790"
}

@InProceedings{DAC99,
  author =       {M.B. Dwyer and G.S. Avrunin and J.C. Corbett},
  title = {Patterns in property specifications for finite-state verification},
  booktitle =    {Proc. 21st Int'l Conf. on SOftware Engineering},
  city  =  {Los Angeles},
  year =         1999,
  pages = {411--420}
}

@inproceedings{CGLVW00,
        author =        "E.M. Clarke and S.M. German and Y. Lu and 
                         H. Veith and D. Wang",
        title =         "Executable Protocol Specification in ESL",
        booktitle =     "Proc. Conf. on Formal Methods in
                         Computer-Aided Design (FMCAD'00)",
        series      =   "Lecture Notes in Computer Science",
        volume      =   1954,
        publisher   =   "Springer",
        year =          "2000",
        pages =         "197--216"
}                            
@inproceedings{AJS98,
        author =        "M. Aagaard R.B. Jones and C.-J.H Seger",
        title =         "Combining theorem proving and
               trajectory evaluation in an industrial environment",
        booktitle =     "Proc. 35th Design Automation Conference",
        year =          "1998",
        pages       =   "538--541"
}                            

@unpublished{FS01,
        author =        "R. Armoni and L. Fix and A. Flaisher and
                         R. Gerth and T. Kanza and A. Landver and
                         S. Mador-Haim and A. Tiemeyer and M.Y. Vardi
                         and Y. Zbar",
        title       =   "The {ForSpec} Compiler",
        year        =   "2001",
        note        =   "Submitted"
}
@inproceedings{AY98,
        author =        "R. Alur and M. Yannakakis",
        title =         "Model checking of hierarchical state machines",
        booktitle   =   "Proc. 18 Conf. on Foundations of Software 
                         Technology and Theoretical Computer Science",
        pages       =   "175-188",
        series      =   "Lecture Notes in Computer Science",
        volume      =   "1530",
        publisher   =   "Springer",
        year        =   "1998"
}

@inproceedings{ASBB95,
        author =        "A. Aziz and V. Singhal and F. Balarin 
                         and R. Brayton and 
                         A.  Sangiovanni-{V}incentelli",
        title =         "It usually works: the temporal logic of
                               stochastic systems",
          booktitle =     "Computer-Aided Verification,
                         Proc. 7th Int'l  Conf.",
        editor          = "P. Wolper",
        series          = "Lecture Notes in Computer Science",
        volume=         939,
        year =          "1995",
        publisher   =   "Springer, Berlin",
        pages       =   "155--165"
}                            
@inproceedings{ABC94,
        author =        "A. Aziz and F. Balarin and S.T. Cheng and
                         R. Hojati and T. Kam and S.C. Krishnan and
                         R.K. Ranjan and T.R. Shiple and V. Singhal
                         and S. Tasiran",
        title =         "HSIS: a {BDD}-based environment for formal
                         verification",
        booktitle =     "Proc. 31st Design Automation Conference",
        year =          "1994",
        publisher   =   "IEEE Computer Society",
        pages       =   "454--459"
}

@article{BFGHMPF97,
  author =       {R.I. Bahar and E.A. Frohm and C.M. Gaona and
                  G.D. Hachtel and E. Macii and A. Pardo and
                  F. Somenzi},
  title =        {Algebraic Decision Diagrams and their Applications},
  journal =      {Journal of Formal Methods in Systems Design},
  year =         1997,
  volume =       10,
  number =       {2/3},
  month =        {April/May},
  pages =        {171--206}
}
@inproceedings{BK97,
        author =        "C. Baier and M.Z. Kwiatowska",
        title =         "Automatic verification of liveness properties
                               of randomized systems",
        booktitle =     "ACM Symp. on Principles of Distributed Systems
                         (PODC)",
        year =          "1997"
}                         
@article{BPM83,
  author =       {M. Ben-Ari and A. Pnueli and Z. Manna},
  title =        {The temporal logic of branching time},
  journal =      {Acta Informatica},
  year =         1983,
  volume =       20,
  pages =        {207--226}
}
@inproceedings{BR86,
        author =        "F. Bancilhon and R. Ramakrishnan",
        title =         "An amateur's introduction to 
                         recursive query processing strategies",
        booktitle       = "Proc. ACM Conf. on Management of Data",
        pages           = "16--52",
        year            = 1986
}

@Article{BMN00,
  author =       {P. Bellini and R. Mattolini and P. Nesi},
  title =        {Temporal Logics for Real-Time System Specification},
  journal =      {ACM Computing Surveys},
  year =         2000,
  volume =       32,
  number =       1,
  pages =        {12--42}
}



@article{BMP83,
        author      =   "M. {Ben-Ari} and Z. Manna and A. Pnueli",
        title       =   "The Temporal Logic of Branching Time",
        journal =     "Acta Informatica",
        volume =      20,
        year =          1983,
        pages =         "207--226"
}
@article{Bur79,
    author = {J.~P. Burgess},
    title = {Logic and time},
    journal = {J. Symbolic Logic},
    volume = 44,
    year = 1979,
    pages={566--582}
}
@article{Bur80,
    author = {J.~P. Burgess},
    title = {Decidability for branching time},
    journal = {Studia Logica},
    volume = 39,
    year = 1980,
    pages={203--218}
}

@article{BAN90,
        author     =    "M. Burrows and M. Abadi and R. Needham",
        title      =    "A Logic of Authentication",
        journal    =    "ACM Transactions on Computer Systems",
        year       =    "1990",
        volume     =     8,
        pages      =     "18--36"
}
@article{CT94,
  author =       {W. Cai and S.J. Turner},
  title =        {An approach to the run-time monitoring of
                  parallel programs},
  journal =      {The Computer JournaL},
  year =         1994,
  volume =       {37},
  number =       {4},
  pages =        {333--345}
}
@inproceedings{CCG96,
        author =        "S. Campos and E.M. Clarke and O. Grumberg",
        title =         "Selective Quantitative Analysis and
       Interval Model Checking: Verifying Different Facets of a System",
          booktitle =     "Computer-Aided Verification,
                         Proc. 8th Int'l  Conf.",
        series          = "Lecture Notes in Computer Science",
        volume=         1102,
        year =          "1996",
        publisher   =   "Springer, Berlin",
        pages       =   "257--268"
}                            
@article{CCGR00,
  author =       {A. Cimatti and E.M. Clarke and F.  Giunchiglia and
                  M. Roveri},
  title =        {{NuSMV}: a new symbolic model checker},
  journal =      {It'l J. on Software Tools for Technology Transfer},
  year =         2000,
  volume =       2,
  number =       4,
  pages =        {410--425}
}
@inproceedings{CLM97,
        author =        "R. Cleaveland and G. Luttgen and M.  Mendler",
        title =         "An algebraic theory of multiple clocks",
        booktitle =     "Proc. 8th Int'l Conf. on Concurrency Theory
                         (CONCUR'97)",
        year =          "1998",
        series          = "Lecture Notes in Computer Science",
        volume=         1243,
        publisher   =   "Springer",
        pages       =   "166--180"
}                            
@inproceedings{CMZFY93,
        author      =   "E. Clarke and K. McMillan and X. Zhao and
                         M. Fujita and J. Yang",
        title       =   "Spectral Transforms for Large {Boolean}
                         Functions with Applications to Technology 
                         Mapping", 
        booktitle   =   " Proc. Design Automation Conference (DAC-30)",
        pages       =   "54--60",
        month       =   "June",
        year        =   1993
}

@article{CK96,
        author      =   "E.M. Clarke and R.P. Kurshan",
        title       =   "Computer aided verification",
        journal =     "IEEE Spectrum",
        volume =      33,
        year =          1986,
        pages =         "61--67"
}

@book{HKT00,
        author     =   "D. Harel and D. Kozen and J. Tiuryn",
        title      =   "Dynamic Logic",
        publisher  =   "MIT Press",
        year       =   "2000"
}
@inproceedings{EM95,
        author =        "A.Th. Eiriksson and K. McMillan",
        title =         "Using formal verification-analysis methids on 
                      the critical path in system design: a case study",
          booktitle =     "Computer Aided Verification,
                         Proc. 7th Int'l  Conf.",
        editor          = "P. Wolper",
        series          = "Lecture Notes in Computer Science",
        volume=         939,
        year =          "1995",
        publisher   =   "Springer, Berlin",
        pages       =   "367--380"
}        

         

@unpublished{Em96,
    author = {E.~A. Emerson},
    title  = {Model checking and the $\mu$-calculus},
    year = 1996,
    note = {this volume}
}
@article{Fis99,
        author      =   "K. Fisler",
        title       =   "Timing Diagrams: Formalization and 
                         Algorithmic Verification",
        journal =     "Journal of Logic, Language, and Information",
        volume =      8,
        year =          1999,
        pages = "323--361"
}

@inproceedings{FKFV99,
        author =        "R. Fraer and G. Kamhi and L. Fix
                         and M.Y. Vardi",
        title =         "Evaluating semi-exhausting verification
                         techniques for bug hunting",
        booktitle =     "Proc. 1st Int'l Workshop on Symbolic
                         Model Checking (SMC'99)",
        year =          "1999",
        pages       =   "11--22",
        series      = "Electronic Notes in Theoretical Computer
                       Science",
    publisher = "Elsevier"
}                            
@inproceedings{GiLe94,
    author = {G. {De Giacomo} and M. Lenzerini},
    title = {Concept Languages with number restrictions and
            fixpoints, and its relationship with $\mu$-calculus},
    year = 1994,
    booktitle = {Proc. 11th European Conference on Artificial 
                Intelligence (ECAI-94)},
    pages = {411-415},
    publisher = {John Wiley and Sons},
}
@inproceedings{GiLe94a,
    author = {G. De Giacomo and M. Lenzerini},
    title = {Description logics with inverse roles, functional
             restrictions, and $n$-ary relations},
    year = 1994,
    booktitle = {Proc. 4th European Workshop on Logics in Artificial 
                 Intelligence (JELIA-94)},
    pages = {332-346},
    number = {838},
    publisher = {Springer},
    series = {Lecture Notes In Artificial Intelligence},
}
@inproceedings{GM96,
       author = {G. De Giacomo and F. Masacci},
       title = {Tableaux and algorithms for propositional dynamic
               logic with converse},
       booktitle = {Proc. 13th Int'l Conf. on Automated Deduction},
       publisher = {Springer},
       series = {Lecture Notes in Artificial Intelligence},
       volume = 1104,
       year = 1996,
       editor = {M.~A. McRobbie and J.K. Slaney},
       pages = {613--627}
}
@InCollection{Gla01,
  author =       "R.J. van Glabbeek",
  title =        "The Linear Time -- Branching Time Spectrum {I};
                  The Semantics of Concrete, Sequential Processes",
  booktitle =    {Handbook of Process Algebra},
  publisher =    {Elsevier},
  year =         {2001},
  editor =       {J.A. Bergstra and A. Ponse and S.A. Smolka},
  chapter =      {1},
  pages =        {3--99}
}


@article{Goe97,
        author      =   "R. Goering",
        title       =   "Model checking expands verification's scope",
        journal =     "Electronic Engineering Today",
        month   = "February",
        year =          1997
}


@inproceedings{GH82,
        author =        "Y. Gurevich and L. Harrington",
        title =         "Trees, automata, and games",
        booktitle =     "Proc. 14th ACm Symp. on Theory of Comouting",
        year =          "1982",
        publisher   =   "ACM Press",
        pages       =   "60--65"
}
@Inproceedings{HMPF94,
        AUTHOR = "G.D. Hachtel and E. Macii and A. Pardo and 
                  F. Somenzi" ,
        TITLE = "Probabilistic Analysis of Large Finite State Machines",
        BOOKTITLE = "Proc. Design Automation Conference (DAC-31)", 
        PAGES = "270--275" ,
        YEAR = "1994"
}
@article{HJ94,
  author =       {H. Hansson and B. Jonsson},
  title =        {A logic for reasoning about time and
                 probability},
  journal =      {Formal Aspects of Computing},
  year =         1994,
  volume =       6,
  pages =        {512--535}
}              
@article{HSP83,
  author =       {S. Hart and M. Sharir and A. Pnueli},
  title =        {Termination of probabilistic concurrent programs},
  journal =      {ACM  Trans. on Programming Languages},
  year =         1983,
  volume =       5,
  pages =        {356--380}
}              
@inproceedings{Hol95,
        author =        "G.J. Holzmann",
        title =         "Tutorial: proving correctness of concurrent
                         systems with SPIN",
        booktitle =     "Proc. 6th Int'l Conf. on Concurrency Theory
                         (CONCUR'95)",
        year =          "1995",
        publisher   =   "Springer",
        pages       =   "453--455"
}
@book{HC98,
        author     =   "S.Y. Huang and K.T. Cheng",
        title      =   "Formal Equivalence Checking and Design
                        Debugging",
        publisher  =   "Kluwer Academic publishers",
        year       =   "1998"
}

@incollection{HB92,
        author =        "W.A. Hunt and B.C. Brock",
        title =         "A formal {HDL} and its use in the
                         {FM9001} verification",
        booktitle =     "Mechanized Reasoning and Hardware Design",
        editor    =     "C. Hoare and M. Gordon",
        year =          "1992",
        publisher   =   "Prentice Hall",
        pages       =   "35--47"
}

@article{ID93,
        author =        "C.N. Ip and D.L. Dill",
        title =         "Better verification through symmetry",
        journal =     "IFIP Transactions A (Computer Science 
                       and Technology)",
        volume=         "A-32",
        year =          "1993",
        pages       =   "97--111"
}

@inproceedings{IV97,
        author      =   "N. Immerman and M.Y. Vardi",
        title       =   "Model checking and transitive-closure logic",
        booktitle   =   "Computer Aided Verification, Proc. 9th  Int.
                         Conference",
        series      =   "Lecture Notes in Computer Science",
        volume      =   "1254",
        pages       =   "291--302",
        publisher   =   "Springer",
        year        =   "1997"
}

@article{Jut97,
title={Determinization and Memoryless Winning Strategies},
author={C.S. Jutla},
pages={117--134},
journal={Information and Computation},
year=1997,
volume=133,
number=2
}
@article{KPV01a,
         author = "Y. Kesten and A. Pnueli and M.Y. Vardi",
         title = "Verification by Augmented Abstraction: 
         The Automata-Theoretic View",
         journal= jcss,
         volume = 62,
         pages = "668--690",
         year = 2001,
        }

@inproceedings{KoVa96a,
 author = {Ph.~G. Kolaitis and M.~Y. Vardi},
 title = {On the expressive power of variable-confined logics},
 booktitle = {Proc. 11th IEEE Symp. on Logic in Computer Science}, 
 year = 1996,
 pages = {348--359}
}

@article{KP,
    author={D. Kozen and R. Parikh},
    title={An elementary proof of the completeness of {PDL}},
    journal = tcs,
    volume = {14},
    number = 1,
    year = 1981,
    pages = {113--118}
}

@inproceedings{KP83,
    author={D. Kozen and R. Parikh},
    title = {A Decision procedure for the propositional $mu$-calculus},
    booktitle   =   "Logics of Programs",
        pages       =   {313--325},
        year        =   {1984},
        publisher   =   {Springer}, 
        series   =   {Lecture Notes in Computer Science}, 
        volume      =   {164}
}

@inproceedings{KVR83,
        author =        "R. Koymans, J. Vytopil, W.P. DeRoever",
        title =         "Real-time programming and asynchronous
                         message passing",
        booktitle =     "Proc. 2nd ACM Symp. on Principles of
                         Distributed Computing",
        year =          "1983",
        pages       =   "187--197"
}                            
@unpublished{KVW98,
        author = "O. Kupferman and M.Y. Vardi and P. Wolper",
        title  = "Module Checking",
        year   = 1998,
        journal = "Formal Methods in Systemds Design",
        note    = "to appear"
}

@article{KSL95,
        author      =   "A. Kuehlmann A. Srinivasan and D. P. La{P}otin",
        title       =   "Verity--A Formal Verification Program for Custom
                         CMOS Circuits",
        journal =     "IBM J. Research and Development",
        volume =     39,
        year =          1995,
        pages = "149--165"
}
@inproceedings{LL94,
        author =        "P. Ladkin and S. Leue",
        title =         "What do Message Sequence Charts means?",
        booktitle =    "Proc. 6th Int'l Conf. on Formal Description Techniques",
        editor          = "R.L. Tenney and P.D. Amer and M.{\"U}. Uyar",
        year =          1994,
        publisher   =   "North Holland"
}
@inproceedings{Les95,
        author =        "H. Lescow",
        title =         "On polynomial-size programs winning
                         finite-state games",
        booktitle =     "Computer Aided Verification, 
                         Proc. 7th Int'l  Conf.",
        editor          = "P. Wolper",
        series          = "Lecture Notes in Computer Science",
        volume=         939,
        year =          "1995",
        publisher   =   "Springer, Berlin",
        pages       =   "239--252"
}
@article{LO99,
  author =       {C. Liu and M.A. Orgun},
  title =        {Verification of reactive systems using temporal logics
                  with clocks},
  journal =      {Theoretical Computer Science},
  year =         1999,
  volume =       220,
  pages =        {377--408}
}
@article{Lud95,
        author = {W. Ludwig},
        title = {A subexponential randomized algorithm for the
                simple stochastic game problem},
       journal = icomp,
       volume = 117,
       year = 1995,
       pages = {151--155}
}
@article{LY96,
	author	    =	"D. Lee and M. Yannakakis",
	title	    =	"Principles and methods of testing finite state 
                         machines - A survey",
        journal     =   "Proc. IEEE",
        volume      =   84,
        issue      =   8,
        pages       =   "1089--1123",
	year	    =	"1996"
}

@incollection{Moo56,
	author	    =	"E.F. Moore",
	title	    =	"Gedanken-experiments on sequential machines",
        booktitle   =   "Automata studies",
        publisher =     "Princeton Univ. Press",
        series      =   "Ann. Math. Studies",
        volume      =   34,
        pages       =   "129--153",
	year	    =	"1956"
}
@article{Mar75,
	author	    =	"D.A. Martin",
	title	    =	"Borel Determinacy",
        journal     =   "Annals of Mathematics",
        volume      =    65,
        pages       =   "363--371",
	year	    =	"1975"
}
@inproceedings{Chu57,
          author =        "A. Church",
          title =         "Applicaton of recursive arithmetics to the
                           problem of circuit synthesis",
          booktitle       = "Summaries of Talks Presented at The Summer
                             Institute for Symbolic Logic",
          publisher = "Communications Research Division,
                       Institute for Defense Analysis",
          pages           = "3--50",
          year            = 1957
}

@book{HM03,
    author = "D. Harel and R. Marelly",
    title = "Come, Let's Play",
    publisher = "Springer",
    year = 2003
}

@book{FL03,
    author = {H. Foster and D. Lacey},
    title = {Assertion-Based Design},
    publisher = {Kluwer},
    year = 2003
}

@Inproceedings{HJ04,
  author =   "G.J. Holzmann and R. Joshi",
  title =  "Model-Driven Software Verification",
 booktitle =   "Proc. 11th International SPIN Workshop,
                Model Checking Software",
  series =   "Lecture Notes in Computer Science",
  volume =   "2989",
  publisher = "Springer-Verlag",
   pages =    "76--79",
  year =     "2004"
}

@inproceedings{Low96,
  author    = {G. Lowe},
  title     = {Breaking and Fixing the Needham-Schroeder Public-Key
               Protocol Using FDR},
  year      = {1996},
  pages     = {147--166},
  booktitle     = {Proc. Int'l Workshop on Tools and Algorithms for 
                  Construction and Analysis of Systems},
  publisher = {Springer},
  series    = {Lecture Notes in Computer Science},
  volume    = {1055}
}

@inproceedings{Var07,
  author    = {M.Y. Vardi},
  title     = {Formal Techniques for {SystemC} Verification},
  year      = {2007},
  pages     = {188--192},
  booktitle     = {Proc. 44th Design Automation Conference},
  publisher = {IEEE}
}

@article{Rub86,
author = "A. Rubinstein",
title = "Finite automata play the repeated prisoner's dilemma",
journal = "J. Economic Theory",
volume = "39",
number = "1",
pages = "83 - 96",
year = "1986",
}

@book{Pou93,
  author = {W. Poundstone},
  title = {Prisoner's Dilemma},
  publisher = {Doubleday},
  year = 1993
}
@inproceedings{PY94,
  author    = {C.H. Papadimitriou and M. Yannakakis},
  title     = {On complexity as bounded rationality (extended abstract)},
  booktitle = {Proc.\ 26th ACM Symp. on Theory of Computing},
  year      = {1994},
  pages     = {726-733}
}
@article{LY96,
	author	    =	"D. Lee and M. Yannakakis",
	title	    =	"Principles and methods of testing finite state 
                         machines - A survey",
        journal     =   "Proc. IEEE",
        volume      =   84,
        issue      =   8,
        pages       =   "1089--1123",
	year	    =	"1996"
}

@incollection{Moo56,
	author	    =	"E.F. Moore",
	title	    =	"Gedanken-experiments on sequential machines",
        booktitle   =   "Automata studies",
        publisher =     "Princeton Univ. Press",
        series      =   "Ann. Math. Studies",
        volume      =   34,
        pages       =   "129--153",
	year	    =	"1956"
}
@unpublished{McM98a,
        author      =   "K.L. McMillan",
        title       =   "Proof strategies for hardware verification
                         using compositional model checking",
        year        =   "1999",
        note        =   "unpublished"
}
@article{McN93,
	author	    =	"R. McNaughton",
	title	    =	"Infinite games played on finite graphs",
        journal     =   "Annals of Pure and Applied Logic",
        volume      =   65,
        pages       =   "149--184",
	year	    =	"1993"
}
@inproceedings{Mos83,
        author      =  "B. Moszkowski",
        title       =  "A temporal logic for multi-level
                        reasoning about hardware",
        booktitle   =   "Proc. 6th Int'l Symp. on Computer
                         Hardware Description Languages",
        publisher   =  "North-Holland",
        year        =  1983,
        pages       =  "79--90"
}
@inproceedings{BMM83,
        author      =  "J.Y. Halpern and Z, Manna and B. Moszkowski",
        title     =  "A hardware semantics based on temporal intervals",
        booktitle   =   "Proc. 10th Int'l Colloq. on 
                        Automata, Languages and Programming",
        publisher   =  "Springer",
        editors = "J. Diaz",
        eries      =   "Lecture Notes in Computer Science",
        volume     = "154",
        year        =  1983,
        pages       =  "278--291"
}

@inproceedings{MP91,
        author =        "I.S. Mumick and H. Pirahesh",
        title =         "Overbound and right-linear queries",
        booktitle       = "Proc. 10th ACM Symp. on Principles of 
                           Database Systems",
        pages           = "127--141",
        year            = 1991
}

@book{Pap94,
  author = {C.~H. Papadimitriou},
  title = {Computational Complexity},
  publisher = {Addison-Wesley},
  year = 1994
}

@article{Pap85,
	author	    =	"C.H. Papadimitriou",
	title	    =	"Games against nature",
        journal     =   "Journal of Computer and System Sciences",
        volume      =   31,
        pages       =   "288--301",
	year	    =	"1985"
}
@incollection{Par81,
    author={D. Park},
    title={Concurrency and automata on infinite sequences},
    booktitle = {Proc.~5th GI Conf. on Theoretical Computer Science},
    editor = {P. Deussen},
    year = 1981,
    publisher = {Springer},
    address = {Berlin/New York},
    series = {Lecture Notes in Computer Science, Vol. 104}
}

@book{Pri51,
        author      =   "A. Prior",
        title       =   "Past, Present, and Future",
        publisher   =   "Oxford Univ. Press",
        year        =   "1951"
}

@phdthesis{Pur95,
   author = {A. Puri},
   title = {Theory of Hybrid Systems and Discrete Event Systems},
   school = {University of California, Berkeley},
   year = 1995
}
@article{RSUV93,
        author =        "R.  Ramakrishnan and Y. Sagiv and 
                         J.D. Ullman and M.Y. Vardi",
        title =         "Logical query optimization by 
                         proof-tree transformation",
        year =          "1993",
        journal =       "J. Computer and System Sciences",
        volume =        47,
        pages =         "222--248"
}
@article{RMMDK96,
        author     =    "Y.S. Ramakrishna and P.M. Melliar-Smith
                        and L.E. Moser and L.K.  Dillon and G. Kutty",
        title      =    "Interval logics and their decision procedures,
                         Part I: An interval logic",
        journal    =    "Theoretical Computer Science",
        year       =    "1996",
        volume     =     166,
        number     =     "1--2",
        pages      =     "1--47"
}
@book{RU71,
        author      =   "N. Rescher, A. Urquhart",
        title       =   "Temporal Logic",
        publisher   =   "Springer",
        year        =   "1971"
}

@article{SBFHK97,
  author = "T. Schlipf and T. Buechner and R. Fritz and M. Helms and
J. Koehl",
  title = "Formal verification made easy",
  journal = "{IBM} Journal of Research and Development", 
  volume = 41,
  number = "4:5",
  year =  1997 
}
@article{Slu85,
  AUTHOR = "Slutzki, G.",
  TITLE ="Alternating Tree Automata",
  JOURNAL = "Theoretical Computer Science",
  VOLUME = 41,
  YEAR = 1985,
  PAGES = "305--318"
 }
@article{SE89,
author={R.S. Streett and E.A. Emerson},
title={An Automata Theoretic Decision Procedure for the
       Propositional $\mu$-Calculus},
pages={249--264},
journal={Information and Computation},
year=1989,
volume=81,
number=3
}

@article{Tu96,
         author = "B Tuck",
         title = "Taking the mystery out of formal methods",
         journal     =   "Computer Design",
         pages       =   "67--75",
         month       = "August",
	 year	    =	"1996"
}
@inproceedings{Var97b,
        author =        "M.Y. Vardi",
        title =         "Verifiation of open systems",
        booktitle =     "Proc.~17th Conf.~on Foundations of Software
        Technology and Theoretical Computer Science",
        editor = "S.~Ramesh and G.~Sivakuma",
        year =          "1997",
        publisher   =   "Springer",
        series      = "Lecture Notes in Computers Science",
        voume = 1346,
        pages       =   "250--266"
}
@inproceedings{Var98a,
        author =        "M.Y. Vardi",
        title =         "Linear vs. Branching Time:
                         A Complexity-Theoretic Perspective",
        booktitle =     "Proc.~13th IEEE Sym..~on Logic in Computer Science",
        pages     =     "394--405",
        year =          "1998"
}
@inproceedings{Var98b,
        author =        "M.Y. Vardi",
        title =         "Sometimes and not never re-revisited:
                         on branching vs. linear time",
        booktitle =     "Proc. 9th Int'l Conf.~on Concurrency Theory",
        series =  "Lecture Notes in Computer Science 1466",
        editor =        "D.~Sangiorgi and R.~de Simone",
        year =          "1998",
        pages = "1--17"
}
@book{Vr87,
    author = {O.J. Vrieze},
    title = {Stochastic Games with Finite State and Action Spaces},
    publisher = {CWI},
    series = {CWI Tracts 33},
    year = 1987
}
@masterthesis{Yan99,
   author = {J. Yang},
   title = {Performance Analysis of Symbolic Reachability Algorithms
            in Model Checking},
   school = {Rice University},
   year = 1999,
   note = {Master's Thesis}
}

@inproceedings{psc94,
  author = "Parasuram, Y. and Stabler, E. and Chin, S.-K.",
  title = "Parallel implementation of {BDD} algorithms using a distributed 
  shared memory",
  booktitle = "Proceedings of 27th Hawaii International Conference
              on Systems Sciences",
  year = 1994,
  pages ="16--25" 
}

@inproceedings{rsbs96,
  author = "Ranjan, R. K. and Sanghavi, J. V. and Brayton, R. K.
           and Sangiovanni-Vincentelli, A.",
  title = "Decision diagrams on network of workstations",
  booktitle = "1996 {IEEE} Proceedings of the International
Conference on Computer Design",
  month = "October",
  year = 1996 }

@inproceedings{sb96,
  author = "Sotrnetta, T. and Brewer, F.",
  title = "Implementation of an efficient parallel {BDD} package",
  booktitle = "Proc. of the 33rd {ACM/IEEE} Design Automation Conf.",
  month = "June",
  year = 1996,
  pages = "641--644" 
}

@unpublished{yh96,
  author = "B. Yang and D.R. O'Hallaron",
  title = "Parallel breadth-first {BDD} construction",
  note = "Working paper submitted to {PPoPP'97}",
  month = "December",
  year = 1996 
}
@techreport{CBMM17,
  title={Bridging the Gap Between {LTL} Synthesis and Automated Planning},
  author={A. Camacho and J.A. Baier and C. Muise and A.S. McIlraith},
  year = 2017,
  institution={U. Toronto},
  url={http://www.cs.toronto.edu/~acamacho/papers/camacho-genplan17.pdf}
}

