@INPROCEEDINGS{SS18, 
author={T. Seufert and C. Scholl}, 
booktitle={2018 Design, Automation Test in Europe Conference Exhibition (DATE)}, 
title={{Combining PDR and reverse PDR for hardware model checking}}, 
year={2018}, 
volume={}, 
number={}, 
pages={49-54}, 
month={March},}



@inproceedings{MSL11,
year={2011},
booktitle={Theory and Applications of Satisfiability Testing - SAT 2011},
volume={6695},
series={Lecture Notes in Computer Science},
editor={K. Sakallah and L. Simon},
title={On Improving {MUS} Extraction Algorithms},
publisher={Springer Berlin Heidelberg},
author={J. Marques-Silva and I. Lynce},
pages={159-173},
}


@inproceedings{BES16,
author={A. {Bernardini} and W. {Ecker} and U. {Schlichtmann}}, 
booktitle={2016 IEEE/ACM International Conference on Computer-Aided Design (ICCAD)}, 
title={Where formal verification can help in functional safety analysis}, 
year={2016}, 
volume={}, 
number={}, 
pages={1-8}, 
keywords={formal verification;Monte Carlo methods;probability;reachability analysis;safety-critical software;input pattern sequences;Monte Carlo fault injection;property directed reachability model checking;PDR model checking;conditional error propagation probability;transient fault;formal techniques;functional safety analysis;maximum FIT rate;confidence level;pattern probability;fault probability;internal nodes;fault propagation probability;formal verification;Safety;Circuit faults;Monte Carlo methods;Integrated circuit modeling;Model checking;Computational modeling;Complexity theory;Monte Carlo simulation;formal verification;fault injection;invariants;property directed reachability}, 
doi={10.1145/2966986.2980087}, 
ISSN={1558-2434}, 
month={Nov},}




@inproceedings{VG14,
 author = {Vizel, Yakir and Gurfinkel, Arie},
 title = {Interpolating Property Directed Reachability},
 booktitle = {Proceedings of the 16th International Conference on Computer Aided Verification - Volume 8559},
 year = {2014},
 isbn = {978-3-319-08866-2},
 pages = {260--276},
 numpages = {17},
 url = {https://doi.org/10.1007/978-3-319-08867-9_17},
 doi = {10.1007/978-3-319-08867-9_17},
 acmid = {2735075},
 publisher = {Springer-Verlag},
 address = {Berlin, Heidelberg},
} 

@inproceedings{YSTM14,
author={Y. Yu and P. Subramanyan and N. Tsiskaridze and S. Malik},
booktitle={VLSID},
title={{All-SAT Using Minimal Blocking Clauses}},
year={2014},}

@inproceedings{IG15,
 author = {Ivrii, Alexander and Gurfinkel, Arie},
 title = {Pushing to the Top},
 booktitle = {Proceedings of the 15th Conference on Formal Methods in Computer-Aided Design},
 series = {FMCAD '15},
 year = {2015},
 isbn = {978-0-9835678-5-1},
 location = {Austin, Texas},
 pages = {65--72},
 numpages = {8},
 url = {http://dl.acm.org/citation.cfm?id=2893529.2893545},
 acmid = {2893545},
 publisher = {FMCAD Inc},
 address = {Austin, TX},
} 



@INPROCEEDINGS{GVM15,
author={A. {Golnari} and Y. {Vizel} and S. {Malik}}, 
booktitle={IEEE/ACM International Conference on Computer-Aided Design (ICCAD)}, 
title={Error-tolerant processors: Formal specification and verification}, 
year={2015}, 
volume={}, 
number={}, 
pages={286-293}, 
keywords={fault tolerant computing;formal specification;formal verification;multiprocessing systems;temporal logic;error-tolerant processors;formal specification;formal verification;microarchitecture mechanisms;ISA;temporal logic;error-free function;error response mechanisms;fault response mechanisms;YMM;ERSA;model checking;error resilient system architecture;Program processors;Hardware;Transient analysis;Computer architecture;Reliability;Computer crashes}, 
doi={10.1109/ICCAD.2015.7372582}, 
ISSN={}, 
month={Nov},}

@InProceedings{ADKKM05,
author="Amla, Nina
and Du, Xiaoqun
and Kuehlmann, Andreas
and Kurshan, Robert P.
and McMillan, Kenneth L.",
title={{An Analysis of SAT-Based Model Checking Techniques in an Industrial Environment}},
booktitle="CHARME",
year="2005",
}

@inproceedings{nuXmv,
author = {Cavada, Roberto and Cimatti, Alessandro and Dorigatti, Michele and Griggio, Alberto and Mariotti, Alessandro and Micheli, Andrea and Mover, Sergio and Roveri, Marco and Tonetta, Stefano},
booktitle = {CAV},
title = {{The nuXmv Symbolic Model Checker}},
year = {2014}
}
URL: http://iimc.colorado.edu

@misc{iimc,
  title = {{IIMC Model Checker}},
  howpublished = "\url{http://iimc.colorado.edu},",
}

@inproceedings{AS09,
 author = {Audemard, Gilles and Simon, Laurent},
 title = {Predicting Learnt Clauses Quality in Modern SAT Solvers},
 booktitle = {IJCAI},
 year = {2009},
}







@article{JM09,
 author = {Jhala, Ranjit and Majumdar, Rupak},
 title = {Software Model Checking},
 journal = {ACM Comput. Surv.},
 issue_date = {October 2009},
 volume = {41},
 number = {4},
 month = oct,
 year = {2009},
 issn = {0360-0300},
 pages = {21:1--21:54},
 articleno = {21},
 numpages = {54},
 url = {http://doi.acm.org/10.1145/1592434.1592438},
 doi = {10.1145/1592434.1592438},
 acmid = {1592438},
 publisher = {ACM},
 address = {New York, NY, USA},
 keywords = {Software model checking, abstraction, counterexample-guided refinement, enumerative and symbolic model checking, liveness, safety},
}

@Article{CCMPP17,
author="Cabodi, G.
and Camurati, P. E.
and Mishchenko, A.
and Palena, M.
and Pasini, P.",
title="SAT solver management strategies in IC3: an experimental approach",
journal="Formal Methods in System Design",
year="2017",
month="Mar",
day="01",
volume="50",
number="1",
pages="39--74",
issn="1572-8102",
doi="10.1007/s10703-017-0272-0",
url="https://doi.org/10.1007/s10703-017-0272-0"
}



@article{DG84,
        author      =   "W.F. Dowling and J.H. Gallier",
        title       =   "Linear-Time Algorithms for Testing the
                         Satisfiability of Propositional Horn Formulae",
        journal     =   "Journal of Logic Programming",
        volume      =   "1",
        number      =   "3",
        pages       =   "267--284",
        year        =   "1984"
}

@Inbook{tseitin83,
author="G. S. Tseitin",
editor="Siekmann, J{\"o}rg H.
and Wrightson, Graham",
title="On the Complexity of Derivation in Propositional Calculus",
bookTitle="Automation of Reasoning: 2: Classical Papers on Computational Logic 1967--1970",
year="1983",
publisher="Springer Berlin Heidelberg",
address="Berlin, Heidelberg",
pages="466--483",
}

@INPROCEEDINGS{BIVV17, 
author={R. Berryhill and A. Ivrii and N. Veira and A. Veneris}, 
booktitle={Formal Methods in Computer Aided Design (FMCAD)}, 
title={Learning support sets in {IC3} and {Quip}: The good, the bad, and the ugly}, 
year={2017}, 
volume={}, 
number={}, 
pages={140-147}, 
month={Oct},}



@INPROCEEDINGS{HBS13, 
author={Z. {Hassan} and A. R. {Bradley} and F. {Somenzi}}, 
booktitle={Formal Methods in Computer-Aided Design}, 
title={Better generalization in {IC3}}, 
year={2013}, 
volume={}, 
number={}, 
pages={157-164}, 
doi={10.1109/FMCAD.2013.6679405}, 
ISSN={}, 
month={Oct},}

@INPROCEEDINGS{BM07, 
author={A. R. {Bradley} and Z. {Manna}}, 
booktitle={Formal Methods in Computer Aided Design (FMCAD'07)}, 
title={Checking Safety by Inductive Generalization of Counterexamples to Induction}, 
year={2007}, 
volume={}, 
number={}, 
pages={173-180}, 
doi={10.1109/FAMCAD.2007.15}, 
ISSN={}, 
month={Nov},}

@INPROCEEDINGS{ZChaff, 
author={M. W. {Moskewicz} and C. F. {Madigan} and Y. {Zhao} and L. {Zhang} and S. {Malik}}, 
booktitle={Proceedings of the 38th Design Automation Conference}, 
title={Chaff: engineering an efficient SAT solver}, 
year={2001}, 
volume={}, 
number={}, 
pages={530-535}, 
doi={10.1145/378239.379017}, 
ISSN={0738-100X}, 
month={June},}
